2550 4225
470 344 500 399 Q.
518 340 663 389 HORATII
680 340 811 389 Fusccl.

494 621 500 631 ,
531 556 614 614 ona
634 556 751 614 xviri.

434 692 467 729 ur
481 691 599 729 nissam
613 691 652 727 an
666 674 845 727 aroannam?

310 790 551 847 manusteneas
565 788 650 843 dicite
664 787 801 860 virgines:

308 866 465 936 Intonsum,
479 866 568 939 pueri,
583 864 668 919 dicite
682 864 853 937 Cynthiumt

463 942 655 1013 Latonamque
669 959 799 1013 supremo

425 1018 564 1075 Dilectam
578 1014 692 1092 penitius
705 1017 776 1073 tovi.

308 1096 367 1155 vos
380 1096 472 1152 lutam
487 1095 586 1163 fluviis
600 1105 628 1149 et
643 1112 789 1149 nemorum
803 1094 895 1163 corrui,
1108 1093 1129 1147 ὅ

305 1173 493 1243 Quaecunque
507 1180 555 1224 aut
569 1170 662 1243 gelido
675 1171 814 1240 prominet
828 1170 941 1244 Algido,

463 1246 561 1319 Nigris
575 1256 623 1301 aut
637 1244 804 1317 Erymanthi

424 1323 516 1392 Silvis,
527 1333 575 1378 aut
588 1322 684 1376 viridis
698 1321 800 1396 Gragi:
843 1365 846 1370 .

254 1416 261 1431 ⁹
306 1401 366 1460 Vos
378 1400 489 1475 Tempe
503 1400 618 1455 totidem
633 1396 720 1454 tollit'e
735 1400 873 1470 laudibus,

306 1478 501 1551 Natalemque‚
516 1496 617 1545 mares,
631 1475 723 1531 Delon
738 1476 889 1551 Apollinis,
1088 1475 1126 1534 lu

463 1555 664 1629 Insignemque
677 1554 817 1627 pharetra,

421 1631 613 1705 Fraternrique
628 1632 776 1687 humerum
790 1631 858 1704 lyra.

305 1710 363 1767 Hic
377 1710 479 1766 bellum
493 1710 691 1782 lacrymosum,
706 1709 752 1764 hic
766 1709 896 1764 miseram
910 1706 1013 1763 famem

304 1788 479 1859 Famamque,
494 1805 510 1841 a
523 1785 625 1858 populo
638 1795 667 1838 et
680 1785 806 1857 principe
819 1785 942 1854 Caesare,
956 1784 984 1841 ia

460 1862 559 1917 Persas
573 1872 656 1931 atque
670 1859 820 1917 Britannos
1090 1862 1128 1909 ut

421 1938 524 1995 Vestri
538 1948 629 1995 motus
643 1949 708 2011 aget
721 1956 813 2012 prece.

546 2247 629 2310 ODE
643 2247 728 2305 XIX.

461 2381 501 2418 An
521 2381 666 2421 Anlswuru
687 2382 813 2422 FUSCUM.

305 2478 442 2536 luunuarr
453 2474 518 2536 'vitae
532 2481 700 2555 scelerisque
714 2500 800 2554 purus

304 2555 373 2613 Nou
387 2568 451 2632 eget
464 2557 572 2614 Mauris
583 2560 694 2632 jaculis,
709 2575 800 2629 neque
814 2573 891 2627 arcu,

305 2632 370 2690 Nec
384 2635 528 2689 venenatis
541 2636 656 2707 gravida
671 2634 788 2706 sagittis,

498 2710 601 2779 Fusae,
615 2710 762 2783 pharetrr⁴23

305 2786 371 2844 Sive
384 2804 433 2859 per
448 2786 543 2856 Syrtes
557 2787 609 2842 iter
623 2798 765 2856 fastuosas,

305 2863 371 2919 Sive
386 2863 508 2918 facturus
521 2882 570 2936 per
584 2862 780 2937 inhospitalem

295 2938 476 3010 Caucasum,
491 2940 532 2996 vel
546 2958 608 3012 quae
622 2941 684 2996 loca
699 2940 841 2996 fabulosus

498 3017 611 3075 Lambit
625 3017 781 3092 Hydaspes.

304 3092 435 3169 Namque
448 3112 494 3150 me
507 3095 576 3150 silva
591 3095 674 3169 lupus
688 3096 717 3151 in
732 3095 849 3164 Sabina,

304 3169 380 3228 Dum
394 3190 486 3228 meam
500 3183 583 3228 canto
597 3171 732 3246 Lalagen,
746 3183 775 3228 et
789 3172 861 3226 ultra
1086 3172 1123 3228 10

303 3248 472 3305 Terminum
486 3251 562 3305 curis
575 3267 658 3321 vagor
669 3248 815 3321 expeditis,

498 3327 585 3400 Fugit
598 3327 752 3382 inormem:
779 3351 789 3370 ν

207 3435 211 3442 ·
302 3403 398 3464 Quale
410 3415 569 3477 portentum
581 3421 672 3476 neque
687 3402 812 3458 militaris

186 3537 188 3542 .
304 3480 429 3538 Daunias
442 3481 504 3537 latis
519 3481 567 3537 alit
582 3480 736 3548 aesculetis3

301 3555 367 3614 Nec
381 3557 399 3612 J
402 3558 462 3613 uben
477 3558 558 3613 tellus
572 3568 697 3632 generat,
711 3558 824 3614 leonum

499 3635 587 3691 Arida
600 3635 704 3690 nutrix.

302 3710 379 3768 Pone
393 3731 438 3767 mc
451 3712 537 3785 pigris
551 3713 598 3768 ubi
612 3712 691 3768 nulla
704 3711 812 3786 campis

303 3788 394 3844 Arbor
409 3790 502 3845 [estiva
516 3800 657 3846 recreatur
671 3789 750 3860 auri,
