2550 4225
461 306 493 363 a
510 291 791 359 uocaru‘raaccr

406 444 475 505 Quo
488 464 545 503 acn
559 446 661 503 arbiter
675 446 791 505 Hadria

292 519 393 597 Major,
406 522 502 579 tollere
515 541 565 578 seu
579 542 683 611 ponne
696 524 753 579 vult
766 523 844 583 aaa

406 598 504 659 Quem
518 602 615 655 mortis
628 600 722 657 timuit
733 600 862 675 gradun1

291 674 387 736 Qui
365 674 448 732 saccis
461 676 551 731 oculis
564 687 687 734 monstra
700 677 835 747 nauntia,

406 751 468 812 Qui
482 752 550 809 vidit
563 772 640 809 mare
653 753 807 827 turgidum,
818 764 849 810 ct
932 762 935 768 '
952 806 966 823 x

292 828 416 899 Infames
428 829 558 903 scopulos
571 830 802 887 Acroceraunial

408 904 605 979 Nequidquam
620 905 699 963 Deus
712 907 831 965 abscidit

291 981 419 1038 Prudens
431 980 549 1039 Oceano
562 983 732 1041 dissociabili

406 1057 521 1129 Terras,
534 1060 558 1115 si
572 1071 666 1115 tamen
680 1060 773 1131 impiae

290 1134 357 1191 Non
370 1135 511 1207 ungenda
524 1146 598 1189 rates
610 1135 771 1204 transiliunt
782 1135 861 1191 vada

406 1210 509 1267 Audax
522 1209 617 1267 omnia
630 1210 737 1283 perpeti

289 1287 369 1342 Gens
382 1287 505 1341 humana
518 1286 573 1343 ruit
587 1304 635 1359 per
650 1286 780 1353 vetitum
801 1285 897 1342 nefas!
960 1313 964 1318 >

406 1362 510 1418 Audax
523 1361 613 1435 Iapeti
625 1381 717 1436 genus

290 1438 390 1513 lgnem
401 1439 497 1495 fraude
511 1440 585 1498 ruald
598 1440 731 1513 gentibus
743 1439 845 1496 intulit

405 1515 471 1572 Post.
484 1516 583 1590 ignem
593 1517 715 1573 aetheret
728 1516 812 1573 domo

290 1592 476 1662 Subducturn,
491 1594 595 1649 macies
608 1605 637 1651 ct
649 1612 721 1650 acra
735 1592 852 1649 febrium

404 1668 503 1727 Terris
516 1671 644 1727 incubuit
656 1671 772 1737 wbors3

290 1745 449 1817 Semctique
463 1743 540 1817 priris
553 1748 632 1801 tarda
646 1748 798 1803 necessitas

407 1820 469 1875 Leti
482 1822 616 1895 corripuit
627 1822 755 1894 gradum.

290 1896 428 1971 Expertus
441 1915 560 1953 vacuum
575 1896 708 1953 Daedalus
721 1902 788 1955 abra

405 1972 511 2035 Pennis
524 1992 581 2031 non
594 1974 702 2030 borani
714 1975 795 2031 datis.

289 2048 419 2124 Perrupit
430 2050 593 2111 Acbcrcnta
606 2050 766 2107 Herculeus
778 2050 864 2107 labcr.

405 2126 434 2180 N
436 2125 455 2184 ll
468 2128 631 2189 mortalibus
644 2129 762 2188 arduum
776 2139 834 2183 est:

289 2201 420 2258 Goelurn'
414 2221 503 2276 ipsum
514 2204 634 2276 petimus
647 2203 780 2270 stultitid3
800 2220 893 2275 nequa

405 2278 459 2335 Per
473 2291 597 2336 nostrum
611 2280 733 2354 patimur
745 2279 840 2335 scelus

290 2353 432 2413 Iracunda
445 2355 544 2413 lovem
558 2375 663 2430 ponere
674 2356 798 2412 fulmina.

378 2795 418 2831 An
439 2794 464 2831 L.
485 2789 629 2844 SEXTIUM,
651 2791 858 2831 CONSULAREM.

175 2895 324 2950 Sonvrrnra
337 2890 409 2946 acris
422 2891 512 2948 biems
524 2891 604 2964 gran
618 2889 680 2946 vice
693 2890 766 2946 veris
777 2902 806 2947 et
819 2886 937 2958 Favoni,

252 2966 473 3054 Trahuntque'
451 2985 541 3024 siccas
554 2968 693 3024 machina
706 2968 833 3035 carinas3

175 3047 220 3102 Ac
234 3063 325 3117 neque
335 3043 393 3118 jam
407 3043 522 3100 stabulis
534 3045 640 3119 gaudet
652 3064 748 3134 pecus,
762 3057 811 3102 aut
823 3054 914 3105 arator
928 3039 1004 3114 igai3

251 3120 316 3176 Nec
329 3133 407 3194 prata
419 3121 499 3178 canis
512 3122 635 3178 albicant
647 3123 763 3208 pruinis

174 3198 239 3254 lam
253 3197 394 3271 Cytherea
407 3200 508 3255 choros
518 3200 597 3256 ducit
610 3199 718 3265 Venus,
732 3197 896 3252 imminente
910 3191 1008 3259 Luna;
1085 3194 1105 3249 6

250 3273 417 3348 iunctaque
431 3273 571 3362 Nyrnpnia
584 3274 688 3330 Gratioe
700 3242 835 3328 decentes

174 3352 293 3408 Alternc
306 3362 407 3407 terram
421 3353 549 3423 quatiunt
562 3351 645 3439 pede,
658 3350 726 3404 dum
738 3365 838 3421 gravas
851 3346 1008 3420 Cyclopum

252 3429 398 3484 Vulcanus
412 3428 513 3484 ardens
527 3428 582 3484 urit
595 3426 729 3484 officinas

174 3507 260 3564 Nunc
274 3506 356 3560 decet
366 3515 413 3559 aut
427 3505 507 3560 viridi
521 3505 638 3560 nitidum
652 3514 737 3575 caput
751 3500 885 3574 impedire
899 3510 998 3572 myrto,
1017 3557 1020 3561 f

251 3577 311 3638 Aut
325 3581 400 3650 flore,
414 3591 494 3636 terrae
508 3599 590 3652 quarn
605 3579 698 3634 serunt
710 3577 815 3634 sotutae.
1070 3575 1107 3631 10

177 3659 262 3716 Nunc
275 3671 302 3714 et
316 3659 344 3712 in
360 3658 496 3714 umbrosis
510 3655 609 3712 Fauno
623 3657 706 3710 decet
718 3653 861 3711 immolare
875 3652 957 3719 lucis,

253 3736 310 3790 Seu
323 3733 420 3808 poscat
433 3734 517 3806 agad,
531 3732 589 3788 sive
603 3731 681 3788 malit
693 3731 783 3787 hado.
