2550 4225
485 259 532 315 ·Q.
548 259 693 309 HORATll
709 258 831 309 fuscor

536 472 738 531 EPISTOLA
751 473 790 531 X.

494 607 533 646 sn
547 608 663 647 ruscum
676 608 827 647 snrsrrnrr.

215 707 309 765 Ueste
323 716 473 763 amatorem
488 704 614 761 Fuscum
628 704 735 760 salvere
745 703 877 777 jubemus

209 784 305 841 'Ruris
317 794 454 840 amatores
466 802 472 849 ;
495 782 550 838 bdc
564 782 593 837 in
607 800 637 837 re
652 780 762 837 scilicet
774 782 833 837 und
943 846 946 850 ἴ

216 858 338 919 Multirm
351 859 508 929 dissimiles,
522 858 558 914 ad
571 868 675 917 caetera
687 854 761 932 pond
775 857 895 931 gemelli.

215 936 358 997 Fraternis
371 935 481 1006 animis,
494 935 628 1008 quidquid
642 946 728 1009 negat
740 935 820 1005 alter,
830 945 860 991 et
869 934 953 991 alter:

216 1014 377 1070 Annuimus
390 1013 502 1087 pariter,
516 1011 602 1067 vetuli
615 1012 729 1086 notique
742 1010 882 1080 columbi;

215 1090 263 1146 Tu
277 1091 374 1147 nidum
388 1108 490 1158 servas,
503 1106 556 1162 ego
569 1088 654 1144 laudo
667 1089 739 1145 ruris
752 1088 857 1144 amoeni

214 1166 312 1237 Rivcs,
326 1177 355 1222 et
368 1183 466 1221 musco
479 1163 637 1223 circumlita
650 1183 727 1234 saxa,
741 1181 904 1237 nemusque.

130 1270 134 1277 ·
213 1242 294 1303 Quid
307 1242 429 1316 quaerisl
449 1242 520 1311 vivo,
534 1251 563 1296 et
575 1259 673 1314 regno,
687 1240 769 1297 simul
783 1240 836 1296 ista
849 1241 948 1315 reliqui

213 1319 289 1379 Quae
302 1338 351 1376 vos
364 1319 399 1374 ad
413 1318 514 1373 coelurn
529 1316 633 1373 effertis
647 1334 759 1374 rumore
772 1318 913 1375 secundo:

214 1395 306 1469 thue
319 1396 470 1452 sacerdotis
483 1393 625 1467 fugitivus,
638 1393 696 1449 liba
709 1412 824 1462 reeusc;

214 1470 291 1529 Pane
304 1491 383 1546 egeo,
394 1472 452 1547 jem
466 1470 577 1527 mellitis
590 1470 697 1546 potiore
710 1470 855 1545 placentis.

253 1548 354 1605 Vivere
368 1560 474 1605 nature
489 1548 512 1605 si
526 1548 726 1604 convenienter
739 1558 857 1622 oportet,

216 1625 411 1699 Ponendaeque
424 1627 507 1682 domo
520 1625 673 1699 quaerenda
685 1635 728 1681 est
741 1644 807 1681 area
819 1622 958 1699 primirm;

215 1702 361 1759 Novistine
374 1702 467 1759 locum
480 1702 615 1777 potiorem
629 1720 693 1758 rure
707 1702 811 1759 beatol

214 1778 265 1836 Est
278 1779 328 1835 ubi
340 1777 404 1853 plirs
416 1790 529 1853 tepeant
542 1778 671 1847 lriemesl
691 1779 740 1835 ubi
752 1778 856 1853 gratior
869 1797 938 1835 aura

214 1855 315 1913 Leniat
328 1868 357 1913 et
371 1856 476 1912 rabiem
491 1856 589 1925 Canis,
601 1866 632 1911 et
643 1866 784 1912 momenta
798 1855 913 1926 leonis,

211 1932 311 1992 Quum
326 1933 412 1989 semel
426 1932 536 2005 accepit
548 1931 634 1988 solem
650 1931 816 1988 furibundus
830 1932 966 1990 acutum?

213 2008 264 2065 Est
276 2009 325 2064 ubi
338 2009 449 2065 divellat
460 2026 574 2067 somnos
586 2005 682 2064 minirs
694 2008 789 2064 invida
802 2010 893 2065 curel

212 2082 344 2143 Deteriirs
358 2084 471 2159 Libycis
481 2084 538 2142 olet
551 2096 600 2142 aut
612 2084 684 2142 nitet
696 2084 784 2142 herbe
795 2085 919 2161 lapillis?

212 2163 310 2220 Purior
324 2163 352 2218 in
367 2162 437 2219 vicis
450 2181 521 2237 aqua
531 2163 621 2219 tendit
634 2177 764 2238 rumpere
777 2163 933 2238 plumbum,

209 2238 307 2300 Quam
321 2258 383 2314 quae
396 2259 446 2314 per
459 2258 579 2314 pronum
592 2239 712 2314 trepidat
722 2259 788 2296 cum
801 2259 944 2297 murmure
957 2243 1068 2298 rivuml

211 2317 322 2392 Nempe
336 2318 408 2374 inter
422 2318 513 2374 varies
526 2318 648 2374 nutritur
661 2317 731 2380 silva
743 2317 898 2388 columnas,

211 2394 408 2469 Laudaturque
422 2396 522 2452 domus
532 2395 630 2470 longos
643 2413 705 2468 quae
719 2394 853 2470 prospicit
863 2393 950 2471 agros

211 2470 348 2527 Naturam
359 2471 482 2546 expelles
496 2472 585 2542 furori,
599 2483 694 2528 tamen
709 2490 796 2546 usque
810 2484 943 2542 recurret,

211 2547 248 2603 Et
260 2547 334 2604 mela
347 2560 506 2624 perrumpet
520 2549 613 2605 furtim
629 2549 740 2606 fastidia
752 2548 859 2606 victrix.

249 2623 327 2696 Non,
341 2626 388 2699 qui
403 2626 520 2682 Sidonio
534 2626 704 2682 contendere
718 2626 836 2682 callidus
849 2637 923 2681 ostro

210 2700 310 2757 Nescit
324 2699 494 2774 Aquinatem
507 2702 631 2775 potantia
645 2701 747 2758 vellera
760 2702 865 2772 sucum,

209 2777 322 2833 Certius
330 2779 451 2852 'accipiet
464 2779 598 2834 damnum
609 2778 758 2852 propiusve
772 2776 911 2850 medullis,

208 2853 306 2914 Quam
320 2855 367 2927 qui
382 2872 437 2914 non
449 2855 553 2933 poterit
566 2873 630 2912 vero
641 2855 814 2931 distinguere
828 2857 936 2913 falsum.

207 2933 304 2992 Quem
318 2949 362 2988 rcs
375 2929 439 3005 plris
452 2931 539 2988 nimio
552 2931 729 2992 delectavere
740 2934 882 3007 secundae,

209 3007 325 3065 Mutata·
339 3008 472 3082 quatient.
514 3009 627 3082 Siquid
641 3011 788 3082 mirabere,
803 3031 892 3085 pones

209 3085 324 3141 Invitus.
366 3085 446 3160 Fuge
459 3104 576 3160 magna;
598 3086 665 3144 licet
675 3090 728 3144 sub
740 3106 863 3162 paupere
876 3099 950 3144 tecto

209 3161 305 3235 Reges
319 3172 347 3218 et
360 3181 458 3236 regum
472 3163 529 3220 vitta
542 3181 712 3236 precurrere
725 3164 839 3221 amicos.

246 3238 354 3294 Cervus
367 3257 469 3313 equum
483 3239 580 3314 pugnat
593 3240 690 3296 melior
704 3241 901 3298 communibus
915 3241 1007 3298 herbis

209 3314 342 3386 Pellebat,
356 3317 447 3372 donec
460 3317 551 3373 minor
565 3317 593 3372 in
607 3318 762 3373 certamine
773 3318 857 3392 longo
1106 3322 1144 3378 35

138 3401 146 3416 ’
207 3389 368 3465 Imploravit
379 3411 447 3468 opes
460 3392 591 3464 hominis,
606 3393 778 3466 frenumque
791 3395 915 3468 recepit:

208 3469 275 3539 Sed,
288 3481 434 3544 postquam
448 3469 535 3527 victor
549 3469 655 3526 violens
668 3471 796 3528 discessit
808 3472 846 3527 ab
858 3473 947 3539 hoste,

208 3545 274 3602 Non
288 3547 410 3619 equitem
423 3546 515 3618 dorso,
528 3565 585 3603 non
600 3547 718 3604 fraenum
732 3549 840 3623 depulit
852 3568 908 3606 ore.

208 3623 258 3679 Sic
270 3623 327 3695 qui,
341 3624 503 3698 pauperiem
516 3625 630 3694 veritus,
643 3625 750 3699 potiore
763 3625 884 3682 metallis

207 3697 349 3756 Libertate
362 3708 448 3768 caret,
462 3699 608 3756 dominnm
622 3703 705 3759 vehet
719 3702 871 3775 improbus,
885 3714 966 3776 atque
1106 3709 1144 3762 to
