2550 4225
432 318 636 370 summense
652 321 718 372 run
735 322 772 372 ιι.
787 326 812 371 s.
1049 326 1107 385 rer

166 458 270 517 mritis
283 458 407 517 toribust
448 460 514 519 ‘Ne
527 479 615 531 nunc,
629 480 716 536 quum
729 482 776 520 me
789 475 870 522 vocet
879 464 962 536 ultro,

167 538 337 595 Accedeml
357 556 394 595 en
406 536 500 613 potiris
513 538 632 595 mediter
647 538 728 597 linire
740 540 871 597 doloresl

166 614 305 687 Exclusit,
318 625 446 673 revocat:
466 617 580 673 redeam
592 620 605 673 l
626 634 695 684 uon,
709 617 733 673 si
745 617 891 675 obsecret'
932 617 1010 675 Ecce

167 692 281 763 Servus,
295 711 353 749 nou
366 690 451 767 pauld
465 694 633 769 sapientior:
655 693 701 748 ‘O
715 695 792 764 here,
805 712 921 768 queres

166 768 232 827 Nec
244 769 360 827 modum
374 770 467 840 hebet,
482 790 573 845 neque
586 772 747 841 consilium,
761 772 869 828 ratione
881 774 1021 847 modoque
1044 772 1105 830 effi

166 846 298 903 Trecteri
311 866 369 903 non
383 848 449 905 vult.
490 847 526 904 In
540 867 634 907 amore
648 849 711 903 heo
723 859 789 905 sunt
803 848 892 917 mele3
913 848 1026 921 bellum,

167 924 226 981 Pax
238 941 370 980 rursum:
391 926 453 981 heo
466 926 489 982 si
503 926 574 998 quis,
589 924 762 999 tempestatis
774 923 861 999 prope
874 926 940 1001 ritu

169 1000 287 1058 Mobilis
297 1011 328 1057 et
341 1001 419 1057 ceci
433 1000 570 1062 fluitantia
583 1016 667 1073 sorte,
680 1003 787 1059 laboret

168 1078 301 1137 Reddere
315 1089 391 1135 certe
406 1078 469 1149 sibi,
482 1078 570 1137 nihilo
583 1082 648 1156 plus
659 1079 780 1154 explicet
792 1098 828 1136 sc
840 1081 864 1136 si

168 1154 296 1212 lusenire
309 1166 388 1229 peret
400 1156 478 1212 certi
491 1158 599 1215 rstione
612 1158 768 1231 modoque!
987 1191 990 1197 ·
1046 1155 1107 1214 27⁰

166 1232 267 1295 Quidl
286 1250 382 1305 quum,
396 1231 509 1289 Picenis
522 1253 677 1310 excerpens
690 1235 799 1291 semina
810 1235 910 1309 pomis,

167 1309 282 1367 Gaudes
296 1310 320 1366 si
333 1328 473 1367 cameram
487 1310 609 1384 percusti
624 1309 705 1382 forte,
719 1330 807 1386 penes
819 1322 848 1369 te
858 1312 910 1369 esl

167 1386 270 1449 Quidl
289 1404 377 1461 quum
390 1387 472 1445 belbe
485 1388 551 1446 ferie
564 1408 673 1447 annoso
685 1388 770 1445 rerba
782 1389 884 1463 peleto,

169 1464 340 1521 AEdifiesnte
350 1482 434 1521 casas
446 1464 494 1538 qui
508 1467 624 1524 seniori
665 1465 749 1523 Adde
762 1484 892 1523 cruorem
1045 1464 1105 1521 274

123 1558 126 1565 ’
169 1542 310 1612 Stultitiae,
324 1550 407 1615 etque
421 1542 516 1615 ignem
529 1543 622 1617 gladio
635 1553 769 1599 scrutare.
810 1540 908 1612 Modo,
923 1542 1048 1615 iuquam,

167 1618 290 1677 Hellade
302 1618 437 1693 percussi
451 1618 560 1676 Merius
571 1630 659 1695 'quum
670 1620 826 1694 precipitat
838 1638 879 1689 se,
1044 1622 1047 1626 ’
1161 1643 1164 1646 ·

168 1697 295 1753 cerritus
308 1696 381 1752 fuiti
401 1714 438 1753 en
451 1708 598 1754 commote
612 1698 731 1755 crimine
744 1696 847 1752 mentis

168 1774 306 1831 Absolves
319 1772 473 1844 homiuem,
486 1785 516 1832 et
528 1775 643 1831 sceleris
655 1773 804 1831 damnabis
815 1774 949 1843 eundem,

168 1852 213 1909 Ex
225 1870 304 1908 more
317 1851 465 1926 imponens
478 1863 598 1927 cognate
612 1854 751 1911 vocabule
761 1851 865 1907 rebual

169 1929 329 1987 libertinus
343 1938 411 1999 eret,
425 1930 472 2003 qui
486 1930 594 1987 circum
607 1931 731 2005 compita
742 1930 838 1986 siccus
1045 1928 1106 1987 28⁰

168 2006 267 2063 Lentis
280 2003 364 2063 menti
379 2025 465 2063 senex
478 2008 608 2066 manibus
621 2009 770 2075 currebst3
790 2018 829 2077 et,
844 2006 976 2081 ‘Unum'

167 2084 314 2146 Quiddsm
328 2102 462 2160 magnum
475 2085 592 2157 addens,
606 2091 715 2144 ‘unum
729 2104 775 2142 me
788 2085 894 2161 surpite
905 2088 998 2157 morti,

169 2162 221 2219 Dis
234 2163 340 2219 etenim
354 2163 435 2220 facile
447 2165 508 2234 est,'
519 2164 632 2222 orabat:
652 2183 740 2221 senus
753 2164 876 2237 utrisque

169 2239 295 2297 Auribus
308 2251 392 2313 atque
404 2240 511 2310 oculis;
532 2252 667 2312 mentem,
680 2243 735 2298 nisi
749 2242 896 2316 litigiosus,

168 2317 320 2391 Exciperet
330 2317 461 2374 dominus
470 2336 557 2391 quum
568 2320 710 2376 venderet.
740 2318 808 2373 Hoc
817 2336 928 2392 quoque
936 2319 1037 2394 vulgus
1045 2319 1106 2376 285

168 2394 342 2469 Chrysippus
354 2395 434 2470 ponit
447 2395 580 2452 foecundi
595 2396 625 2451 in
640 2407 725 2469 gente
736 2393 864 2450 Meneni.

170 2471 204 2528 ‘J
206 2473 307 2547 upiter,
320 2471 451 2546 ingentes
464 2471 512 2545 qui
527 2473 577 2528 das
590 2472 748 2547 adimisque
760 2470 888 2542 dolores:

169 2547 261 2606 Mater
275 2550 314 2606 ait
326 2550 407 2623 pueri
419 2568 530 2606 menses
541 2549 600 2625 jam
613 2549 738 2624 quinque
750 2548 891 2620 cubantis,

105 2625 109 2633 ’
169 2623 302 2722 'Frigida
315 2627 339 2682 si
352 2645 470 2701 puerum
483 2638 619 2701 quertene
631 2626 782 2701 reliquerit,
796 2623 845 2682 illo

81 2769 84 2776 Ι
169 2702 258 2762 Mane
272 2703 319 2760 die
332 2722 387 2778 quo
400 2715 431 2760 tu
445 2704 548 2763 indicis
558 2705 675 2781 jejunia,
689 2706 783 2762 nudus
838 2701 850 2714 '

169 2779 205 2838 ln
218 2780 319 2838 Tiberi
330 2781 429 2839 stabit!
471 2782 562 2840 Casus
575 2783 738 2840 medicusve
750 2781 849 2840 levirit
924 2825 928 2831 .

169 2858 289 2934 AEgrum
303 2877 339 2914 ex
351 2859 497 2933 precipiti,
511 2871 599 2916 meter
612 2860 701 2918 delire
713 2851 827 2916 necabit

168 2934 202 2993 In
213 2935 308 3010 gelidi
321 2935 408 2993 fixum
422 2935 493 3008 ripis,
507 2936 662 3010 febrimque
675 2938 799 2993 reducet.

131 3080 136 3088 ,
168 3012 274 3074 Quone
287 3013 361 3070 melo
374 3023 498 3068 mentem
512 3015 670 3069 concussit
689 3014 791 3069 timore
804 3013 950 3069 deorum.''

169 3089 241 3146 Haec
255 3089 326 3146 mihi
340 3089 502 3160 Stertinius,
516 3089 673 3166 sapientium
687 3100 812 3160 octavus,
825 3090 918 3146 amico

168 3168 258 3225 Arme
270 3165 359 3236 dedit,
369 3168 487 3242 posthac
500 3187 536 3224 ne
550 3167 732 3244 compellerer
745 3165 859 3222 inultus.

168 3242 280 3301 Dixerit
292 3244 423 3302 insanum
437 3245 484 3318 qui
498 3264 554 3316 me,
567 3245 684 3306 totidem
695 3244 805 3312 audien
828 3255 911 3317 etque

140 3387 150 3395 ῃ
167 3319 325 3396 Respicere
338 3321 434 3397 ignoto
447 3321 537 3379 discet
549 3322 704 3397 pendentis
714 3333 801 3396 tergo.

546 3467 689 3500 HORATIUS.

169 3552 275 3623 Stoice,
289 3562 353 3626 poet
365 3553 499 3608 damnum
513 3551 555 3608 sic
568 3551 674 3608 vendes
683 3550 780 3608 omnia
791 3550 897 3624 pluris:

167 3628 237 3689 Qut
249 3647 296 3686 me
311 3629 438 3700 stultitid,
451 3630 584 3702 quoniam
597 3647 655 3685 non
668 3639 712 3684 est
724 3645 815 3702 genus
828 3645 928 3699 unum,

169 3703 298 3765 Insanire
311 3707 416 3782 purast
435 3724 489 3781 ego
501 3725 567 3764 nem
580 3705 676 3763 videor
689 3705 758 3762 milri
771 3723 864 3762 senus.
