2550 4225
133 281 174 340 .

456 280 488 334 Q.
505 278 650 327 HORATll
667 279 789 329 asscel

515 494 598 551 ODE
617 495 732 553 XXIX.

423 627 464 667 AD
476 630 640 669 sonuum
653 630 817 669 AN'HA'I'RH.

172 764 176 771 .
288 726 317 782 Ο
330 744 410 796 orvs,
423 738 534 800 gratum
547 744 611 801 quae
624 727 699 802 regis
712 728 843 799 Antium,

150 882 155 903 ,
187 801 191 811 “
289 804 418 861 Praesens
430 804 473 861 vel
489 804 545 860 imo
558 804 655 861 tollere
668 806 704 861 de
717 807 807 879 gradu

327 878 447 937 Mortale
460 899 571 957 eorpus,
584 882 627 937 vel
642 882 777 957 superbos

366 957 484 1013 Vertere
498 958 644 1014 funeribus
655 960 827 1034 triumphos:

288 1033 334 1090 Te
347 1052 452 1109 pauper
466 1035 553 1090 ambit
566 1035 686 1091 sollicita
699 1055 785 1109 prece

288 1110 377 1167 Ruris
390 1111 521 1177 colonus;
543 1120 570 1165 te
584 1112 727 1167 dominam
741 1114 868 1185 aequoris,

202 1256 207 1260 .
327 1186 503 1259 Quicunque
516 1186 639 1260 Bithyna
651 1188 766 1245 lacessit

364 1262 548 1337 Carpathium
561 1265 677 1339 pelagus
690 1265 795 1322 carina

287 1339 333 1396 Te
347 1339 444 1395 Dacus
457 1358 546 1413 asper,
560 1352 587 1397 te
600 1342 710 1417 profugi
724 1344 847 1417 Scythae,

287 1416 443 1491 Urbesque,
456 1428 620 1492 gentesque,
634 1431 663 1476 et
677 1420 789 1477 Latium
803 1421 889 1490 ferox,

328 1493 499 1569 Regumque
513 1506 615 1553 matres
629 1497 819 1569 barbarorum,
832 1507 861 1554 et

364 1572 500 1647 Purpurei
515 1584 644 1632 metuunt
657 1576 778 1649 tyranni,

286 1648 426 1723 lnjurioso
439 1669 476 1706 ne
489 1652 561 1724 pede
575 1671 690 1725 proruas

287 1727 415 1782 Stantem
428 1726 599 1799 columnam,
613 1747 670 1783 neu
683 1730 802 1803 populus
815 1729 945 1803 frequens

326 1803 373 1857 Ad
387 1821 465 1858 arma
477 1814 620 1860 cessantes
633 1805 669 1860 ad
683 1824 761 1862 arma

363 1878 504 1948 Concitet,
518 1880 722 1955 imperiumque
736 1882 852 1957 frangat.

286 1955 332 2013 Te
345 1974 455 2030 semper
468 1957 556 2014 anteit
568 1977 643 2014 saeva
655 1958 827 2030 Necessitas,

286 2032 387 2089 Claros
400 2034 521 2089 trabales
533 2044 563 2090 et
575 2053 683 2092 cuneos
695 2054 781 2092 manu

324 2109 447 2167 Gestaris
460 2111 569 2180 ahenb3
590 2131 645 2169 nec
658 2132 771 2170 severus

362 2187 461 2262 Uncus
474 2188 562 2260 abest,
576 2189 770 2265 liquidumque
782 2189 936 2266 plumbum.

283 2264 329 2321 Te
344 2266 415 2340 Spes
428 2275 457 2320 et
470 2266 534 2323 albo
547 2285 610 2323 rara
624 2267 712 2325 Fides
725 2269 792 2326 colit

284 2343 384 2398 Velata
396 2361 505 2417 panno;
527 2363 582 2401 nec
594 2346 727 2402 comitem
740 2346 871 2421 abnegat.

322 2419 473 2494 Utcunque
486 2422 594 2478 mutata
607 2434 737 2498 potentes

362 2498 449 2554 Veste
463 2499 560 2556 domos
574 2499 690 2557 inimica
702 2501 813 2574 linquis.

283 2576 323 2630 At
336 2575 436 2650 vulgus
449 2573 569 2633 infidum
582 2588 611 2634 et
625 2578 756 2634 meretrix
767 2588 842 2633 retro

284 2651 400 2726 Perjura
413 2654 505 2710 cedit:
526 2653 678 2727 diffugiunt
690 2654 769 2710 cadis

321 2728 395 2784 Cum
410 2729 479 2788 faece
493 2730 605 2786 siccatis
618 2731 713 2800 amici,

359 2804 446 2863 Ferre
458 2808 557 2882 jugum
571 2807 674 2880 pariter
688 2807 784 2864 dolosi.
808 2868 811 2871 ,

281 2883 382 2938 Serves
392 2883 495 2940 iturum
510 2884 654 2940 Gaesarem
668 2885 698 2942 in
711 2886 824 2942 ultimos

280 2957 366 3014 Orbis
379 2959 538 3031 Britannos,
552 2973 581 3018 et
591 2961 727 3036 juvenum
740 2981 841 3020 recens

318 3035 445 3096 Examen
460 3039 529 3096 Eois
542 3039 699 3096 timendum

358 3113 498 3187 Partibus,
512 3115 686 3189 Oceanoque
700 3117 808 3172 Rubro.

279 3190 376 3246 Eheu!
398 3193 561 3249 cicatricum
575 3203 603 3250 et
617 3193 732 3248 sceleris
744 3192 840 3267 pudet,

281 3265 472 3344 Fratrumque.
511 3269 593 3329 Quid
607 3288 660 3325 nos
673 3269 743 3325 dura
755 3267 910 3342 refugimus

317 3343 419 3402 AEtasl
439 3347 504 3420 quid
519 3346 656 3402 intactum
670 3345 772 3402 nefasti

354 3422 520 3495 Liquimusl
539 3423 615 3478 unde
630 3440 745 3478 manum
755 3423 888 3497 juventus
927 3452 929 3459 v

277 3497 358 3554 Metu
372 3499 489 3556 deorum
503 3499 662 3556 continuit?
680 3494 782 3572 quibus

277 3575 407 3650 Pepercit
420 3576 475 3632 aris
483 3577 503 3632 l.
514 3620 537 3632 ..
552 3576 581 3633 0
593 3576 701 3633 utinam
714 3578 787 3634 nora

316 3651 427 3709 incude
441 3653 571 3728 diffingas
583 3665 709 3710 retusum
723 3655 753 3711 in

355 3728 529 3805 Massagetas
542 3731 707 3805 Arabasque
721 3732 841 3789 ferruml
