2550 4225
451 262 648 345 carnutium
666 296 730 347 mn
749 295 797 348 ru.

287 436 448 493 Risissent:
470 436 528 491 lore
542 435 618 491 enim
632 446 725 491 tutum
738 436 790 491 iter
804 444 832 491 et
844 444 945 509 pateus

443 512 631 569 Conversoin
645 512 767 586 pretium
781 514 841 568 deo.
879 514 887 527 ⁴

288 592 400 648 Aurum
413 610 462 665 per
476 591 584 646 medios
600 592 641 645 ire
655 588 798 659 satellites,

289 669 327 725 Et
339 686 518 744 perrumpere
533 679 608 735 amat
621 686 699 736 saxa,
713 667 854 741 potentius

289 746 353 803 Ictu
368 746 509 807 fulmineo.
552 746 687 801 Concidit
701 746 816 818 auguris

446 824 545 897 Argivi
560 824 670 891 domus,
683 823 720 879 ob
733 822 845 877 lucrum

290 902 427 959 Demersa
440 902 559 957 excidio.
603 900 713 955 Diffidit
726 900 840 955 urbium
990 904 997 935 ‘

290 980 388 1037 Portas
402 980 442 1037 vir
457 978 588 1049 Macedo,
603 989 631 1033 et
645 978 755 1033 subruit
769 977 885 1033 aemulos

290 1057 387 1133 Reges
402 1057 573 1113 muneribus.
615 1053 739 1111 Munera·
751 1054 877 1111 uariruu·

447 1136 542 1190 Servos
555 1134 707 1205 illaqueant
720 1134 818 1189 duces,

291 1215 474 1285 Crescentem
488 1212 612 1286 sequitur
627 1230 696 1267 cura
708 1210 870 1285 pecuniam,

291 1290 485 1365 Majorumque
500 1290 595 1349 salnes.
637 1288 655 1343 J
658 1308 708 1346 ure
721 1289 868 1363 perhorrui

291 1367 361 1425 Late
376 1369 560 1443 conspicuum
573 1368 670 1423 tollere
684 1366 827 1435 verticem,

254 1516 259 1523 x
425 1452 430 1465 ’·
447 1444 601 1511 Maeones,
615 1446 740 1516 equitum
755 1445 851 1499 decus.

289 1522 409 1585 Quanto
423 1524 540 1597 quisque
554 1518 608 1577 sibi
620 1523 703 1595 plura
714 1521 870 1595 negaverit,

292 1603 320 1658 A
334 1601 378 1658 dis
392 1601 472 1675 plura
486 1600 564 1655 feret.
606 1598 657 1653 Nil
672 1598 847 1671 cupientium

292 1679 397 1737 Nudus
412 1689 504 1734 castra
517 1686 591 1751 peto,
606 1687 634 1731 et
648 1675 794 1750 transfuga
806 1675 924 1733 divitum

449 1756 545 1811 Partes
560 1754 687 1827 linquere
700 1752 806 1828 gestio;

292 1836 467 1909 Contemptus
481 1832 611 1891 dominus
625 1831 797 1906 splendidior
810 1831 861 1901 rei,

289 1912 389 1974 Quam
404 1912 427 1967 si
441 1911 576 1989 quidquid
590 1921 649 1967 arat
658 1910 781 1983 impiger
795 1908 926 1985 Appulus

292 1990 448 2047 Occultnre
461 1989 532 2045 meis
545 1990 656 2045 dicerer
670 1988 787 2057 hormie,

448 2066 569 2143 Magnas
583 2068 656 2124 inter
669 2084 737 2141 opes
751 2066 839 2142 inops.

292 2150 373 2205 Purae
389 2147 463 2202 rivus
477 2165 565 2219 aque,
579 2147 704 2218 silvaque
715 2144 847 2218 jugerum

292 2227 461 2295 Paucorum,
476 2237 505 2282 et
518 2225 622 2300 segetis
636 2233 715 2278 certa
727 2222 797 2277 fides
811 2240 892 2293 mee,

292 2303 461 2378 Fulgentem
476 2301 592 2374 imperio
607 2300 704 2355 fertilis
719 2299 823 2354 Airicae
866 2365 870 2371 .

450 2378 535 2434 Fallit
548 2388 623 2432 sorte
637 2376 753 2432 beatior.

291 2459 466 2530 Quanquam
480 2473 534 2510 nec
548 2453 677 2508 Calabrae
690 2453 775 2508 mella
788 2452 881 2510 ferunt
895 2470 983 2526 apes,⁴

293 2538 357 2594 Nec
371 2532 566 2608 Lestrygonia
580 2531 711 2590 Bacchus
725 2529 754 2584 iu
769 2530 902 2604 amphori

293 2612 465 2689 Languescit
479 2612 558 2681 milri,
573 2628 627 2666 nec
641 2607 758 2684 pinguia
771 2607 889 2666 Gallicis

449 2691 590 2746 Crescunt
604 2688 707 2744 vellera
720 2687 833 2762 pascuis
840 2707 847 2755 3

294 2772 457 2844 Importuna
468 2779 563 2828 tamen
576 2767 724 2842 pauperies
739 2767 833 2833 abest;

294 2849 368 2918 Nec,
383 2848 405 2903 si
419 2848 500 2922 plura
514 2847 606 2915 velim,
621 2856 652 2901 tu
666 2846 733 2902 dare
747 2846 879 2918 deneges.

293 2927 447 2985 Contracta
460 2921 562 2979 melius
572 2941 660 2996 parva
669 2923 803 2995 cupidine

449 3000 609 3074 Vectigalia
622 2999 772 3072 porrigam,

293 3080 391 3144 Quam
407 3081 430 3136 si
445 3073 608 3154 Mygdoniis
623 3093 742 3150 regnum
757 3074 882 3148 Alyattei

294 3160 410 3234 Campis
424 3157 595 3216 continuem.
638 3153 730 3210 Multa
743 3151 903 3228 petentibus

294 3239 406 3296 Desunt
418 3236 513 3292 multe.
555 3233 635 3292 Bene
648 3243 692 3290 est
704 3231 752 3288 oui
765 3228 846 3286 Deus
855 3228 955 3286 obtulit

451 3313 542 3370 Parca
556 3313 630 3387 quod
645 3307 716 3367 satis
729 3321 773 3367 est
786 3323 881 3376 manu.
