2550 4225
447 299 646 349 CARMINUM
662 296 728 348 nm
745 298 794 347 tv.

285 443 395 502 Marses
406 441 555 517 profundo,
569 440 713 516 pulobrior
724 440 834 497 evenit:

288 522 416 592 Luotere,
430 519 521 575 multa
533 528 650 593 proruet
662 518 803 591 integrum

324 598 400 655 Cum
413 597 498 655 laude
512 597 657 665 viatorem,
670 603 804 668 geretque

363 674 466 731 Proelia
478 672 648 747 conjugibus
660 670 809 744 loquenda

285 752 451 827 Ourthagini
462 752 521 827 jem
534 768 591 807 non
605 768 660 824 ego
673 747 790 805 nuntios

286 831 399 888 Mittam
413 829 564 903 superbos:
585 826 701 896 oooidit,
714 824 821 882 oooidit

325 910 399 985 Spes
411 906 504 965 omnis
516 915 546 962 et
556 905 667 962 fortuna
679 903 768 959 nostri

365 984 508 1054 Neminie,
523 981 704 1039 Hasdrubale
716 980 897 1055 interempto,
920 1004 921 1007 ¹

288 1064 338 1122 Nil
351 1062 480 1119 Claudiae
494 1077 551 1119 non
565 1060 713 1135 perficient
726 1076 839 1127 manus,

287 1143 370 1203 Quas
383 1152 412 1197 et
426 1140 550 1213 benigno
563 1137 682 1195 numine
694 1135 807 1210 Jupiter

328 1217 472 1286 Defendit,
485 1227 514 1271 et
527 1234 603 1272 outae
616 1232 735 1290 sagaces

367 1294 529 1373 Expediunt
542 1312 592 1368 per
605 1303 690 1351 touta
702 1291 798 1347 belli.’'

468 1479 557 1487 ——--

545 1602 629 1659 ODE
650 1602 703 1657 lv.

517 1740 556 1777 Ab
570 1738 739 1779 AUGUSTUM.

290 1846 378 1902 Drvrs
389 1852 450 1899 orte
464 1840 554 1909 bonis,
568 1838 673 1913 optime
688 1834 820 1893 Romulae

290 1923 395 1979 Custos
408 1918 510 1994 gentis,
525 1917 592 1973 abes
603 1916 660 1990 jam
671 1913 792 1971 nimium
807 1915 871 1971 diu:

291 2000 437 2057 Moturum
450 1996 571 2053 reditum
585 1994 727 2069 pollicitus
740 1993 856 2049 Petrum

447 2076 554 2132 Sancto
567 2072 699 2142 coneilio,
712 2070 782 2128 redi.

292 2157 401 2214 Lucem
415 2153 500 2210 redde
514 2163 579 2221 ture,
593 2151 652 2206 dux
667 2151 750 2221 bone,
764 2150 879 2224 patrie:

292 2235 385 2292 Instar
399 2231 472 2288 veris
485 2230 562 2287 enim
576 2229 668 2284 vultus
682 2228 731 2283 ubi
743 2239 810 2285 tuus

292 2310 417 2380 ndulsit,
431 2308 534 2384 populo
543 2305 648 2380 gratior
662 2305 685 2361 it
696 2306 768 2373 dies,

448 2385 487 2442 Et
499 2384 572 2440 soles
585 2379 688 2438 melias
701 2380 800 2438 nitent
847 2431 851 2437 .

291 2467 330 2526 Ut
343 2476 432 2524 mater
443 2463 586 2537 juvenem,
599 2477 684 2533 quem
698 2456 792 2516 Notus
805 2457 901 2515 invido

293 2546 376 2602 Flatu
390 2539 538 2616 Carpathii
550 2548 628 2595 tram
642 2536 728 2592 maris
741 2553 852 2610 equora

293 2621 485 2680 Cunotantem
499 2616 589 2693 spatio
602 2612 716 2690 longius
728 2632 825 2671 annuo

449 2696 536 2754 Duloi
550 2693 667 2752 distinet
679 2712 697 2750 a
709 2694 803 2764 domo,
817 2727 822 2732 -

293 2779 375 2837 Votis
386 2775 583 2848 ominibusque
597 2782 626 2829 et
638 2771 769 2848 precibus
783 2781 873 2841 votat,

293 2857 388 2914 Curvo
401 2873 455 2912 neo
469 2853 570 2910 faeiem
584 2851 676 2907 littore
690 2850 828 2907 dimovet:

294 2935 344 2992 Sio
358 2931 505 2990 desideriis
519 2931 575 2984 iota
587 2927 719 2983 fidelibus

450 3006 564 3068 Quaerit
575 3003 666 3078 patria
679 3003 833 3060 Gaesarem.

293 3090 388 3148 Tutus
401 3089 452 3145 bos
465 3084 570 3144 etenim
583 3100 650 3138 rura
662 3080 853 3156 perambulat:

293 3168 390 3226 Nutrit
403 3185 468 3223 rura
482 3163 579 3231 Ceres,
594 3160 724 3233 almaque
737 3157 894 3215 Faustitas:

294 3247 431 3304 Paestum
445 3243 560 3301 volitant
572 3257 621 3313 per
635 3255 713 3294 mare
724 3237 842 3293 navitae:

456 3317 573 3394 Culpari
586 3316 688 3394 metuit
700 3313 787 3371 Fides
799 3333 806 3371 ε
1080 3311 1123 3368 2⁰

295 3402 391 3460 Nullis
403 3398 536 3476 polluitur
550 3405 630 3452 easta
642 3395 744 3452 domus
757 3391 876 3466 stupris:
992 3390 996 3397 ’

295 3481 360 3538 Mos
373 3489 402 3536 et
414 3479 461 3534 lex
473 3475 651 3532 maculosum
664 3471 791 3529 edomuit
803 3469 899 3526 nesus:

294 3557 460 3616 Laudentur
474 3551 558 3610 simili
572 3550 651 3626 prole
661 3566 822 3626 puerperae:

453 3631 575 3706 Culpam
589 3628 679 3685 Poena
690 3627 794 3702 premit
806 3643 911 3684 eomes.

294 3714 372 3776 Quis
385 3711 520 3770 Parthum
533 3708 654 3783 paveatl
673 3705 736 3779 quis
748 3705 873 3780 gelidum
888 3703 1038 3778 Scythen?
1081 3702 1135 3764 ae„

295 3792 382 3861 Quis,
395 3787 550 3846 Germania
562 3804 631 3858 quos
646 3783 758 3840 horrida
770 3783 888 3859 parturit

452 3864 495 3922 δὴ
