2550 4225
149 298 210 369 ire
431 281 435 288 '
456 276 661 365 'o.rrorrsvrr
678 294 801 343 rancor

192 434 287 492 Carne
297 448 392 491 tamen
404 436 530 508 quamvis
543 434 628 491 distat
640 435 711 491 nihil
725 435 781 491 hie
793 431 885 509 magis
898 433 955 502 illa,

193 510 353 587 Inparibus
366 511 461 568 formis
474 512 625 585 deeeptmn
638 522 667 567 te
679 522 770 585 paren
790 522 867 568 esto:
1093 510 1135 566 att

195 588 278 646 Unde
292 589 388 645 datum
402 589 499 658 sentis,
513 589 597 663 lupus
611 588 658 644 hio
672 588 836 659 Tiberinus,
850 607 886 644 an
900 588 956 644 alto

103 690 108 695 ·
191 665 299 740 Captus
313 666 381 735 hiet,
395 677 533 738 pontesne
547 666 620 721 inter
632 665 764 739 jactatus,
777 684 815 721 an
828 666 919 721 amnis
955 726 959 732 ,

191 741 273 798 Ostia
286 741 339 797 sub
354 741 465 798 Tusoil
498 741 619 812 Laudas,
635 744 743 812 insane,
756 742 892 812 trilibrem

190 817 322 890 Mullum,
337 819 366 875 iu
380 819 588 893 singulaquem
602 819 716 875 minuas
727 820 872 893 pulmenta
884 836 1002 875 neeesse
1014 828 1065 874 est.
1249 845 1252 880 v

189 893 278 952 Ducit
291 905 318 952 te
332 896 449 970 speeies,
464 896 551 953 video.
584 893 656 957 Qut
669 896 790 971 pertinet
803 916 869 971 ergo
1096 896 1135 951 35

150 1000 153 1005 ·
190 971 326 1029 Proeeros
338 973 430 1030 odisse
444 973 543 1046 luposl
576 971 656 1033 Quia
668 974 777 1031 scilieet
790 974 844 1031 illis

192 1048 329 1124 Majorem
343 1062 443 1107 natura
457 1050 570 1106 modurn
584 1052 671 1122 dedit,
684 1052 727 1107 his
741 1052 824 1108 breve
837 1052 954 1127 pondus.

191 1131 209 1157 ‘⁶
219 1126 382 1184 Portentum
395 1145 498 1201 magno
511 1146 645 1201 magnum
659 1139 785 1203 spectare
799 1130 892 1186 eatino

192 1204 331 1275 Vellem,”
347 1204 385 1260 ait
399 1203 531 1278 Harpyiis
545 1205 612 1279 gula
625 1205 712 1279 digna
725 1206 880 1280 rapacibus.
915 1206 1026 1276 Atros,

193 1280 351 1338 presentes
365 1281 473 1351 Austri,
487 1282 597 1355 coquite
611 1282 711 1338 horum
724 1283 856 1339 obsonia:
876 1282 1002 1356 quamvis
1095 1282 1134 1337 ld

194 1357 278 1415 Putet
292 1378 357 1433 aper
371 1358 558 1431 rhombusque
572 1377 681 1430 reeens,
695 1359 769 1416 mala
782 1361 863 1434 copia
876 1360 988 1433 quando

193 1434 313 1511 AEgrurn
327 1435 458 1493 sollioitat
470 1436 659 1504 stomachum;
680 1455 766 1511 quum
779 1437 877 1511 rapula
889 1437 990 1512 plenus

194 1513 288 1586 Atque
302 1514 398 1570 acidas
410 1513 515 1569 mavult
528 1514 628 1570 inulas.
664 1511 795 1571 Neodum
808 1516 901 1570 omnis
914 1514 1013 1571 abacta

139 1644 144 1651 .
192 1589 345 1665 Pauperies
358 1590 450 1666 epulis
462 1609 576 1665 regum:
598 1609 664 1646 narn
679 1591 779 1647 vilibus
792 1593 851 1648 ovis

193 1665 346 1743 Nigrisque
360 1680 403 1725 est
415 1669 485 1725 oleis
498 1668 581 1725 hodie
595 1668 681 1725 loeus.
718 1668 804 1729 Haud
818 1670 857 1726 ita
868 1670 976 1743 pridem
1092 1668 1132 1723 ts

192 1744 306 1802 Galloni
318 1746 456 1820 praeooais
468 1754 527 1801 erat
540 1745 704 1819 acipensere
717 1764 814 1802 mensa

174 1820 319 1879 -Infamis
352 1821 453 1883 Quidt
472 1832 532 1878 turn
545 1822 677 1878 rhombos
689 1820 784 1879 minds
797 1841 890 1897 equor
903 1820 1014 1880 demit

194 1898 289 1957 Tutus
302 1910 363 1957 erat
374 1899 517 1968 rhombus,
531 1910 647 1971 tutoque
659 1900 771 1957 ciconia
783 1901 861 1972 nido,

194 1974 294 2034 Donec
307 1995 355 2033 vos
369 1986 465 2033 auetor
480 1975 576 2032 docuit
588 1976 742 2049 praetorius.
776 1975 862 2051 Ergo,

194 2052 301 2128 Siquis
315 2072 391 2113 nuno
405 2073 515 2132 mergos
528 2070 628 2113 suaves
640 2052 759 2111 edixerit
772 2071 858 2123 assos,
1092 2052 1134 2109 50

194 2127 307 2190 Parebit
319 2135 396 2208 pravi
410 2135 509 2191 docilis
522 2133 654 2192 Romana
664 2133 804 2209 juventus.

238 2211 375 2268 Sordidus
388 2212 493 2268 atenui
507 2212 583 2268 vietu
596 2211 719 2282 distabit,
732 2209 828 2267 Ofello
874 2257 882 2268 .

195 2289 314 2347 Judioe:
334 2305 401 2344 nam
414 2287 517 2345 frustrd
530 2290 627 2345 vitium
641 2289 770 2344 vitaveris
782 2287 862 2357 illud,

195 2369 227 2425 si
241 2382 268 2424 te
283 2363 338 2420 alib
352 2383 466 2438 pravum
480 2366 635 2422 detorseris.
671 2365 838 2435 Avidienus,

195 2445 251 2502 Cui
264 2441 352 2498 Canis
364 2460 400 2497 er
413 2460 478 2498 vero
492 2444 607 2499 ductum
622 2461 780 2516 cognomen
793 2441 926 2510 adheret,
1094 2442 1134 2498 55

193 2521 402 2592 Quinquennes
413 2518 489 2574 oleas
502 2532 545 2574 est
557 2531 586 2575 et
598 2519 734 2574 silvestria
747 2537 848 2585 ooma3

195 2599 250 2668 Ae,
264 2595 319 2654 nisi
333 2605 479 2664 mutatum,
493 2596 582 2669 paruit
596 2595 750 2651 delimdere
763 2595 876 2662 vinum3
895 2607 925 2650 et

194 2674 284 2749 Cujus
296 2669 411 2729 odorem
423 2672 478 2728 olei
492 2690 614 2746 nequeas
624 2672 756 2745 perferre,
770 2671 866 2727 lieebit
898 2693 904 2698 ·
945 2701 949 2706 -

194 2751 249 2807 Ille
261 2749 377 2823 repotia,
392 2747 507 2818 nataleS,
521 2747 624 2803 aliosve
638 2748 747 2804 dierum

169 2823 172 2830 ’
189 2827 292 2883 ‘Festos
306 2825 415 2880 albatus
428 2824 558 2893 celebret,
573 2843 661 2880 cornu
675 2827 734 2899 ipse
748 2823 840 2880 bilibri

194 2901 331 2960 Ceulibus
344 2901 469 2971 instillat,
483 2905 582 2957 veteris
596 2920 654 2957 non
666 2921 770 2975 pareus
780 2903 863 2959 aoeti.

229 2977 319 3041 Quali
333 2975 417 3052 igitur
430 2979 505 3034 vietu
519 2979 629 3052 sapiens
643 2981 756 3036 uteturl
776 2981 917 3037 ethorum
982 2997 989 3010 ·

194 3057 296 3114 Utrum
309 3053 481 3111 imitabiturl
515 3055 580 3112 Hie
594 3068 676 3130 urget
689 3057 781 3131 lupus,
796 3057 851 3113 hio
864 3057 952 3126 oanis,
966 3058 1052 3113 aiunt.

197 3133 325 3192 Mundus
338 3132 400 3202 erit,
414 3131 462 3205 qui
476 3149 533 3188 non
546 3131 671 3189 offendat
684 3134 822 3204 sordibus,
836 3145 919 3210 atque

193 3210 229 3268 In
243 3220 371 3268 neutram
384 3219 493 3282 partem
504 3209 594 3265 cultris
608 3210 701 3265 miser.
734 3210 791 3265 Hie
805 3229 899 3284 neque
911 3211 1032 3279 servis„
1094 3211 1134 3266 65

194 3287 293 3344 Albuti
308 3287 383 3344 senis
397 3285 534 3359 exemplo,
548 3285 615 3340 dum
629 3287 728 3342 munia
740 3287 820 3357 didit,

195 3365 292 3420 Saevus
306 3364 373 3429 erit;
395 3381 496 3436 neque,
511 3363 583 3418 sieut
596 3362 715 3437 simplex
728 3362 853 3433 Naevius,
869 3377 982 3423 unctam
1131 3420 1134 3427 ,

193 3440 326 3498 Convivis
338 3439 473 3513 prebebit
486 3457 602 3511 aquam:
623 3440 721 3496 vitium
735 3441 789 3496 boo
801 3459 910 3514 quoque
924 3460 1067 3517 maguum.

234 3517 342 3591 Aooipe
355 3534 433 3573 nune
446 3517 537 3572 vietus
547 3516 641 3572 tenuis
653 3535 716 3590 que
728 3528 887 3591 quantaque
898 3514 997 3577 meum

195 3595 310 3651 Afferat.
345 3592 487 3667 Imprimis
500 3593 592 3649 valeas
605 3594 693 3649 bene:
715 3612 791 3664 nam,
804 3595 887 3652 varie
900 3614 945 3652 res
1095 3597 1134 3652 7⁰

194 3671 232 3727 Ut
241 3679 369 3728 -nooeaut
383 3670 499 3740 homini,
514 3671 622 3740 eredas,
637 3689 744 3728 memor
757 3671 831 3728 illius
844 3691 917 3728 esoae

193 3747 269 3808 Quae
283 3747 400 3821 simplex
413 3746 479 3803 olim
494 3746 544 3802 tibi
558 3748 670 3805 sederit.
705 3750 746 3806 At
758 3749 840 3806 simul
855 3751 924 3807 assis
