2550 4225
494 304 631 355 Epopon
648 304 760 357 um.

369 446 462 519 Apros
473 445 504 501 in
517 445 662 501 obstantes
674 446 780 521 plagas,

250 522 311 580 Aut
324 522 409 579 amite
422 521 476 577 leri
488 537 552 578 raro
564 522 656 579 tendit
668 523 748 594 retia,

368 598 474 657 Turdis
487 599 624 655 edacibus
637 598 732 666 dolos3

250 677 442 751 Paridemque
455 675 588 750 leporem,
603 687 632 732 et
646 676 784 733 advenam
797 677 897 750 laqueo
908 694 1017 753 gruem

367 753 502 809 Juounda
515 763 609 827 captat
622 753 745 827 premia

249 830 327 894 Quis
340 849 398 887 non
412 829 558 901 malarum,
572 849 643 903 quas
656 849 733 888 amor
746 848 831 889 ouras
843 832 937 902 nabet,

368 907 441 964 Haeo
455 907 527 963 inter
540 908 732 965 obliviseiturl
845 963 848 968 ⁴

248 983 337 1047 Quod
352 984 375 1041 si
388 984 493 1059 pudiea
506 984 606 1041 mulier
619 985 649 1041 in
662 996 770 1059 partem
780 986 882 1060 jurano
961 1036 966 1041 .

368 1061 491 1119 Domum
505 1072 588 1136 etque
602 1063 700 1118 duloes
712 1062 825 1133 liberos,

249 1141 355 1197 Sabina
367 1138 466 1212 qualis,
481 1151 530 1197 aut
542 1152 656 1213 perusta
668 1138 774 1197 solibus

366 1215 493 1287 Peruiois
506 1236 576 1273 uxor
590 1217 706 1291 appuli,

251 1295 370 1351 Sacrum
384 1294 500 1350 vetustis
513 1304 636 1351 exstruat
649 1294 735 1369 lignis
748 1295 842 1352 hum
878 1292 890 1300 ’

368 1370 448 1427 Lassi
462 1372 514 1427 sub
528 1370 681 1429 adventum
694 1371 756 1442 viri,

248 1448 448 1522 claudensque
461 1449 546 1505 textis
558 1450 683 1505 cratibus
694 1448 790 1504 letum
803 1465 891 1523 peeus

366 1524 498 1581 Distento
511 1526 599 1582 sieeet
612 1526 710 1595 ubera,

249 1603 286 1661 Εῐ
301 1604 390 1659 horna
400 1602 477 1657 dulei
491 1602 556 1658 vine
566 1620 699 1676 promens
711 1602 787 1659 dolio

365 1678 461 1753 Dapes
475 1680 613 1754 inemptas
626 1689 759 1753 apparet:

247 1757 314 1815 Non
329 1776 375 1813 me
389 1757 514 1813 Lucrina
524 1756 646 1833 juverint
659 1756 818 1829 eonoltylia,

366 1830 494 1909 Magisve
508 1835 652 1904 rhombus,
665 1844 714 1890 aut
726 1834 809 1904 seori,

249 1914 282 1970 Si
295 1931 365 1987 quos
378 1912 448 1967 Eois
462 1912 589 1969 intonata
602 1910 734 1968 fluetibus
802 1944 806 1950 ·

368 1988 469 2045 Hiems
483 1990 518 2046 ad
533 1990 587 2047 hoo
600 2000 690 2046 vertat
703 2007 797 2056 mare3

249 2066 315 2124 Non
331 2066 401 2124 Afra
415 2067 473 2124 avis
487 2068 642 2125 descendat
655 2068 684 2124 in
698 2078 824 2126 ventrem
838 2084 943 2138 meum,

366 2143 432 2201 Non
447 2156 559 2220 attagen
575 2145 691 2202 Ionious

248 2222 415 2292 Jueundior,
429 2220 514 2296 quam
528 2223 601 2279 leote
614 2224 650 2278 de
663 2223 856 2297 pinguissimis

367 2298 451 2355 Oliva
464 2299 549 2356 ramis
563 2300 704 2367 arborum,

132 2377 141 2390 “
248 2376 307 2433 Aut
321 2376 408 2433 herba
420 2377 526 2450 lapathi
539 2385 618 2449 prata
631 2376 761 2445 amantis,
776 2387 805 2431 et
817 2377 894 2449 gravi

365 2453 467 2517 Malvae
481 2453 605 2509 salubres
619 2452 739 2525 corpori,

249 2531 302 2588 Vel
317 2550 391 2606 agna
404 2531 481 2587 festis
495 2547 569 2586 ossa
582 2527 803 2598 Terminalibus,

365 2608 418 2664 Vel
433 2609 532 2664 hoedus
546 2619 658 2681 ereptus
672 2605 746 2681 lupo.

250 2687 312 2743 Has
326 2688 398 2743 inter
411 2686 517 2761 epulus,
532 2695 563 2742 ut
574 2685 652 2759 juvat
664 2696 758 2760 postas
770 2701 836 2741 oves

366 2763 470 2820 Videre
484 2774 665 2838 properantes
678 2764 809 2831 domum;

248 2841 353 2898 Videre
368 2841 454 2896 sessos
468 2859 607 2898 vomerem
622 2841 765 2898 inversum
779 2841 863 2898 boves

365 2917 446 2976 Collo
459 2918 601 2972 trahentes
614 2918 764 2991 longuid03

184 2987 189 2996 ⁸
251 2997 414 3069 Positosque
429 3011 538 3064 vernas,
551 2993 618 3048 ditis
630 3012 750 3050 examen
763 2993 874 3066 domirs,

365 3073 482 3128 Circum
496 3071 658 3126 renidentes
671 3070 759 3128 Lares
767 3072 793 3126 l’

248 3151 320 3207 Haee
334 3150 382 3206 ubi
396 3150 506 3206 loeutus
518 3149 669 3205 loeneretor
684 3147 784 3218 Alfius,

364 3227 428 3283 Jam
435 3224 498 3301 iam
512 3227 620 3282 futurus
634 3226 766 3296 rusticus,

248 3306 371 3363 Omnem
385 3305 494 3380 redegit
508 3303 607 3360 Idibus
620 3304 784 3378 pecuniam

362 3383 476 3443 Quem
489 3381 626 3438 Kalendis
639 3398 754 3455 ponere.

443 3461 461 3517 7
472 3459 489 3492 R
