2550 4225
282 248 292 264 '
392 324 394 332 Ι
426 264 466 321 ‚n
484 264 631 315 nonunt
647 262 771 313 mucor

419 450 421 457 ’
528 488 612 549 one
632 489 672 546 x.

495 624 527 663 IN
547 624 701 664 ARBOREM·

269 724 340 783 [uun
354 736 384 781 et
396 724 505 781 nefasto
517 734 546 781 te
559 724 652 799 posuit
665 723 729 793 die„
752 760 755 764 «

269 802 445 876 Quicunque
459 800 580 875 primun
594 812 623 857 et
637 801 775 875 sacrilegi
788 817 875 859 manu
923 843 931 848 .

161 940 172 955 ,
274 904 278 909 ·
310 880 455 948 Produxit,
469 879 560 949 arboe,
574 880 604 934 iu
617 893 752 953 nepotum

349 957 519 1027 Perniciem,
533 957 768 1031 opprobriumque
778 957 860 1032 pegi:

272 1034 356 1091 Illum
370 1045 399 1091 et
411 1035 534 1108 parentis
548 1034 717 1092 crediderim
731 1036 775 1090 sui

271 1112 403 1185 Fregisse
416 1111 566 1177 cervicem,
580 1122 609 1165 et
622 1112 777 1183 penetralia
839 1183 843 1187 ·

311 1188 453 1261 Sparsisse
467 1197 606 1243 nocturno
620 1195 723 1243 cruore

351 1264 495 1339 Hospitis:
516 1264 563 1319 ille
576 1282 686 1320 venena
700 1264 819 1335 Coloba,

214 1370 220 1377 ·
272 1341 310 1398 Et
319 1342 454 1415 quidquid
470 1344 585 1414 usquam
601 1343 758 1416 concipitur
771 1342 861 1411 nesae,
912 1410 920 1421 Ι

272 1420 427 1489 Tractevit‚
443 1438 509 1493 agro
522 1419 569 1492 qui
583 1421 681 1476 statuit
694 1438 758 1475 meo
812 1461 826 1469 .

311 1496 367 1565 Te,
381 1498 459 1553 triste
474 1496 592 1571 lignum,
606 1508 646 1567 te,
659 1498 798 1553 caducum

262 1590 270 1604 ⁴
345 1573 386 1631 ,In
400 1574 508 1631 domini
522 1585 606 1647 caput
620 1574 828 1631 immerentiss
862 1625 869 1632 ,

229 1658 232 1665 ’
271 1652 353 1713 Quid
367 1654 486 1727 quisque
502 1652 577 1720 vitet,
592 1671 737 1726 nunquam
751 1652 860 1709 hommi
872 1649 941 1709 satie

273 1730 395 1786 Cautum
410 1740 462 1797 est,
477 1730 506 1785 in
521 1730 611 1784 horos.
652 1725 758 1785 Navita

313 1806 419 1861 Prenus
431 1805 628 1879 perhorrescit,
642 1824 735 1878 neque
749 1804 823 1863 ultrd
949 1823 954 1833 ·

351 1883 438 1939 Caeca
450 1883 531 1939 timet
541 1882 657 1939 aliunde
671 1884 742 1951 fata;
914 1882 929 1901 '

273 1958 358 2020 Miles
371 1960 487 2035 sagittas
499 1971 528 2016 et
541 1961 662 2015 celerem
678 1962 773 2035 fugam

272 2036 385 2104 Purtbi;
407 2048 522 2093 catenus
536 2038 699 2116 Parthussset
712 2038 815 2094 Italum

312 2115 429 2172 Robur:
450 2117 499 2172 sed
514 2114 663 2190 improvisa
676 2116 724 2171 leti

351 2193 403 2250 vn
416 2194 508 2267 rapuit
521 2194 667 2268 rapietque
675 2204 783 2268 gentes.

272 2268 371 2333 Quen
384 2267 459 2345 perui
474 2271 559 2326 furvae
572 2289 661 2346 regna
677 2271 862 2346 Proserpina,

273 2348 311 2405 Et
322 2348 497 2422 judicantem
512 2349 632 2405 vidimus
647 2348 789 2418 AEaoum;

313 2427 457 2500 Sedesque
471 2428 608 2484 discretae
620 2427 732 2502 piorum
744 2439 777 2485 et
820 2447 824 2455 ¹
912 2458 918 2472 ν

353 2505 454 2561 AEroliie
467 2505 571 2562 fidibus
580 2516 746 2580 querentem

274 2583 388 2656 Sappho
401 2583 501 2655 puellis
514 2585 550 2638 de
563 2582 759 2676 popularibus3

273 2658 310 2715 Et
323 2670 351 2715 te
365 2669 511 2714 sonantem
526 2659 637 2731 plenius
648 2675 745 2727 aureo,

312 2736 421 2804 Alcaee,
434 2735 541 2808 plectro
554 2735 625 2789 dure
639 2734 727 2803 navis,

351 2811 431 2867 Duru
445 2810 519 2885 'sugae
533 2811 617 2882 male,
631 2813 704 2868 dura
717 2810 798 2879 belli!

272 2886 428 2962 Utrumque
442 2906 523 2945 sucro
536 2889 622 2963 digua
633 2889 747 2946 silentio

274 2967 416 3024 Mirantur
429 2967 535 3022 umbre
550 2967 662 3024 dicere:
683 2967 733 3027 sed
747 2965 840 3043 magle

312 3045 427 3120 Pugnae
440 3055 468 3100 et
486 3056 600 3102 exactos
612 3056 746 3118 tyrannos
831 3091 836 3096 .

351 3122 480 3178 Densum
494 3123 619 3178 humeris
633 3124 704 3178 bibit
717 3139 785 3178 aure
798 3121 906 3195 vulgus.
1004 3134 1009 3138 ’
1104 3124 1114 3136 ’

272 3199 353 3260 Quid
367 3201 479 3268 mirum,
492 3200 542 3255 ubi
557 3199 612 3254 illis
625 3199 801 3255 carminibus
811 3202 929 3272 stupuit

274 3277 490 3354 Demitur-etms
503 3277 596 3333 bellna
609 3277 755 3350 centiceps

313 3355 416 3426 Aures,
424 3366 464 3412 et
471 3355 567 3412 intorti
580 3354 689 3428 capillis

352 3431 544 3488 Eumenidum
558 3443 724 3488 recreantur·
734 3433 863 3504 unguesl

273 3507 355 3569 Qum
369 3521 398 3565 et
411 3509 603 3578 Prometheun
616 3520 648 3564 'et
661 3507 772 3583 Pelopis
791 3516 902 3583 patene,

275 3584 360 3642 Dulci
373 3586 501 3642 laborum
516 3587 654 3660 decipitur
667 3604 755 3641 sono:

314 3661 379 3718 Nec
393 3674 474 3718 curet
486 3663 576 3719 Orion
591 3664 687 3718 leones

354 3740 413 3795 Aut
428 3740 541 3796 timidos
559 3741 665 3814 agitare
679 3741 784 3814 lyncas.
