2550 4225
77 297 107 322 ‘¹'
176 313 231 369 112
339 304 342 317 '
491 311 522 366 Q.
541 310 824 360 uonnrurnuocr

202 447 247 504 ‘ln
258 449 354 505 silvam
368 466 424 505 nort
439 448 515 523 ligne
529 450 602 507 ieras
615 449 752 521 insubide,
766 452 838 507 acsi

211 525 332 599 Magnas
344 526 507 583 Graecor'um
521 524 602 583 malis
615 528 731 601 implere
744 524 886 586 caterrrs’

249 600 394 677 Turgidus
408 604 529 677 Alpinus
540 604 650 679 jugulat
663 605 730 660 dum
743 603 907 674 Memnona,
918 605 1041 678 drunque
1109 649 1113 652 .

209 678 338 754 Diffingit
352 679 448 736 Rheni
463 681 568 737 luteum
584 692 677 756 caput,
691 683 752 737 hec
765 699 819 755 ego
833 682 909 751 ludo,

208 755 283 817 Qute
297 775 351 813 nec
365 757 394 813 in
409 756 483 813 AEde
498 771 598 815 sonent
608 757 755 828 certantia,
764 758 860 831 judice
874 758 980 833 Tarpd,

209 832 272 888 Nec
287 833 402 889 redeant
416 834 515 889 iterum
531 848 612 907 atque
626 836 727 904 iterum
737 836 891 909 spectanda
904 836 1026 894 theatris.

209 910 319 984 Argutd
334 912 479 968 meretrice
493 924 579 984 potes,
595 911 728 987 Davoque
743 912 892 969 Chremeta

209 986 348 1043 Eludente
362 1006 468 1057 senem,
483 989 571 1043 cornis
584 989 689 1063 garrire
703 988 819 1058 libellos,
861 1031 864 1034 -

207 1062 288 1119 Unus
302 1065 436 1133 vivorum3
451 1064 597 1121 Fundani:
620 1065 710 1121 Pollio
722 1084 819 1140 regum

208 1140 296 1198 Facta
309 1142 394 1211 canit,
410 1142 481 1214 pede
495 1154 536 1197 ter
549 1160 697 1215 percusso:
719 1143 788 1198 forte
802 1162 869 1216 epos
883 1162 957 1213 acer,

207 1218 245 1274 Ut
259 1236 351 1287 nemo,
366 1218 468 1273 Varius
481 1220 575 1273 ducit:
597 1218 680 1276 molle
694 1230 776 1292 atque
791 1219 911 1276 facetum

208 1294 327 1369 Virgilio
341 1308 500 1352 annuerunt
513 1298 670 1371 gaudentes
683 1316 748 1355 rure
760 1297 913 1353 Camoenae.

206 1372 271 1429 Hoc
284 1385 353 1442 eret,
367 1385 481 1447 experto
494 1372 595 1431 frustra
609 1376 734 1431 Varrone
749 1374 871 1431 Atacino
1093 1421 1098 1425 .

206 1450 299 1523 Atque
311 1451 475 1524 quibusdam
490 1451 561 1522 aliis,
576 1452 677 1509 melius
689 1452 762 1525 quod
777 1451 899 1508 scribere
913 1471 1034 1525 possem,

206 1526 355 1583 Inventore
366 1528 472 1585 minor:
494 1547 585 1602 neque
599 1549 653 1604 ego
666 1528 705 1585 illi
720 1529 864 1585 detrahere
878 1530 968 1586 ausim

210 1604 372 1661 herentem
386 1607 471 1679 capiti
485 1606 574 1663 multi
589 1625 654 1662 cum
667 1607 751 1662 laude
766 1625 905 1663 coronam.

245 1683 284 1737 At
298 1682 354 1739 dixi
370 1682 455 1739 lluere
470 1685 546 1741 hunc
560 1684 738 1753 lutulentum,
755 1681 829 1756 saepe
844 1684 979 1743 ferentem

206 1758 290 1815 Plura
303 1760 416 1832 quidem
431 1761 554 1816 tollenda
569 1761 774 1834 relinquendis:
796 1779 858 1835 age,
871 1780 974 1835 queso,

205 1835 253 1890 Tu
267 1837 336 1893 nihil
351 1838 379 1893 in
393 1854 497 1911 magno
511 1838 609 1899 doctus
620 1838 767 1912 reprendis
782 1836 927 1895 Homeml

204 1907 252 1966 Nil
267 1914 356 1969 comis
369 1914 467 1987 tragici
478 1925 567 1969 mutat
581 1914 709 1972 Lucilius
723 1913 817 1971 Accil

204 1986 269 2045 Non
284 1990 355 2044 ridet
369 2008 464 2045 versus
478 1990 554 2045 Enni
568 1992 703 2064 gravitate
716 1992 849 2061 minores,

201 2065 301 2125 Quum
316 2067 351 2123 de
365 2086 395 2122 se
405 2068 535 2140 loquitur,
550 2084 606 2124 non
621 2080 653 2124 ut
666 2068 770 2142 majore
783 2067 945 2142 reprdusisl

202 2142 281 2202 Quid
296 2155 369 2200 vetat
383 2156 410 2199 et
424 2157 543 2214 nosmet,
558 2144 652 2202 Lucili
666 2147 769 2220 scripta
781 2146 918 2220 legentes,

201 2220 337 2280 Quaerere
352 2240 419 2278 num
434 2221 516 2292 illius,
532 2239 601 2278 num
615 2241 718 2293 rerum,
730 2222 801 2278 dura
814 2223 926 2296 negririt

201 2297 363 2356 Versiculos
377 2312 477 2355 natura
490 2297 580 2373 magis
595 2299 734 2371 lactescat
748 2311 847 2356 euntes

200 2372 325 2445 Mollis,
340 2396 373 2432 ae
387 2378 416 2432 si·
425 2377 494 2450 quis,
500 2374 617 2452 pedibus
631 2378 698 2450 quid
713 2378 844 2434 claudere
857 2377 943 2446 senis,

201 2451 266 2508 Hoc
280 2451 389 2510 tantbm
414 2463 572 2524 contentus
587 2465 663 2512 amet
675 2455 820 2529 scripsisse
834 2456 970 2512 ducentos

200 2532 279 2587 Ante
292 2531 387 2588 ciburn
402 2551 506 2602 versus,
521 2533 636 2590 totidem
651 2544 794 2600 coenatus3
817 2531 950 2588 Hetrusci

199 2605 294 2668 Quale
309 2608 361 2665 fuit
374 2609 455 2666 Cassi
470 2610 566 2684 rapido
580 2609 732 2665 ferventius
746 2611 820 2664 amni
835 2627 839 2632 ·

199 2682 361 2760 Ingenium,
374 2687 465 2760 capsis
478 2705 560 2758 quem
576 2687 649 2742 lama
661 2698 703 2742 est
717 2704 778 2741 esse
792 2686 923 2758 librisque

200 2762 370 2818 Ambustum
384 2763 519 2838 propriisl
554 2761 652 2818 Fuerit
664 2762 803 2832 Lucilius,
819 2764 942 2834 inquam,

200 2839 297 2898 Cornis
312 2851 338 2894 et
354 2841 496 2906 urbanus3
519 2839 600 2896 suerit
614 2840 733 2896 limatior
748 2840 832 2908 idern,

200 2915 298 2977 Quum
312 2917 390 2972 rudis
402 2928 430 2974 et
444 2917 553 2972 Graecis
566 2917 665 2974 intacti
678 2917 812 2972 carminis
825 2929 932 2986 auctor,

133 3019 138 3023 ’
199 2991 352 3068 Quemque
366 2999 512 3070 poetarum
527 2995 669 3052 seniorum
683 2994 780 3050 turba:
796 2995 845 3051 sed
860 2994 917 3063 ille,

200 3072 231 3127 Si
246 3072 315 3128 foret
330 3073 383 3128 hoc
398 3085 524 3128 nostrum
540 3073 596 3128 fato
609 3073 712 3128 dilatus
726 3073 754 3129 in
770 3089 869 3142 return,

199 3149 347 3206 Detereret
360 3149 413 3205 sibi
426 3149 529 3216 mults3
552 3150 690 3206 recideret
703 3167 786 3204 omne
799 3149 873 3222 quod
888 3148 959 3204 ultra

199 3226 357 3282 Perfectum
372 3228 542 3293 traheretur3
565 3225 635 3282 etin
651 3245 731 3282 versu
747 3224 876 3281 faciendo

199 3301 281 3377 Saepe
297 3305 381 3376 caput¹
395 3305 531 3372 scaberet,
545 3304 621 3359 vivos
631 3317 661 3359 et
674 3303 784 3358 roderet
798 3319 915 3376 ungues.

239 3378 321 3453 Sep&
337 3382 439 3454 stylum
454 3390 552 3450 vertas
568 3380 679 3449 iterum,
693 3397 755 3452 quae
768 3379 855 3454 digna
868 3379 925 3453 legi
939 3379 1005 3446 sint,

200 3457 369 3530 Scripturas,
384 3477 485 3531 neque,
500 3469 527 3513 te
541 3468 572 3512 ut
585 3458 700 3512 miretur
715 3457 806 3526 turba,
821 3455 937 3523 labores,

199 3534 356 3590 Contentus
369 3537 467 3608 paucis
480 3535 638 3591 lectoribus.
674 3535 721 3589 An
736 3546 785 3589 tua
798 3535 914 3590 demens

59 3615 61 3622 '
104 3665 108 3677 ,
198 3610 310 3667 Vilibus
321 3612 350 3667 in
364 3611 439 3668 ludis
454 3611 553 3668 dictari
568 3612 693 3668 carmina
707 3611 805 3667 malisl
1026 3654 1031 3666 .
1098 3611 1136 3665 75

199 3685 265 3744 Non
276 3707 344 3762 ego:
366 3707 432 3743 nam
446 3685 513 3745 satis
526 3700 569 3744 est
580 3688 710 3762 Equitem
721 3688 790 3743 mihi
800 3687 943 3760 plaudere,
954 3697 986 3742 ut
994 3687 1096 3757 audax,

199 3763 374 3840 Contemptis
388 3764 459 3834 aliis,
473 3765 586 3839 explosa
601 3765 760 3822 Arbuscula
773 3764 850 3820 dixit.
