2550 4225
357 278 358 285 ’
460 292 658 359 cruuntur«
676 292 741 355 nm.
758 291 809 344 111.

536 512 620 570 ODE
641 510 724 567 XIV.

492 670 494 678 ι
521 648 560 685 nn
575 625 747 685 runnrnun.

373 749 532 810 Qurnnnn
547 747 631 803 distet
645 744 681 801 ab
694 744 805 801 Inacho

216 832 339 900 Codrus,
353 825 507 905 propatrui
520 844 577 881 non
592 824 707 880 timidus
721 822 803 891 mori,

375 904 495 975 Narras,
509 913 537 959 et
550 921 642 977 genus
656 900 751 971 AEaci,

216 986 255 1045 Et
267 996 394 1062 pugnata
407 1001 488 1039 sacro
501 981 575 1051 bella
588 980 641 1035 sub
655 977 725 1035 Ilio:

373 1061 443 1122 Quo
457 1058 561 1115 Chium
575 1057 666 1133 pretio
679 1056 783 1112 cadum

219 1141 392 1209 Mercemur,
406 1138 469 1211 quis
481 1154 584 1210 aquam
599 1145 736 1209 temperet
750 1134 875 1208 ignibus,

375 1218 444 1279 Quo
456 1215 599 1291 praebente
613 1214 730 1269 domum
743 1223 772 1268 et
785 1209 872 1285 quotri

217 1298 344 1372 Pelignis
358 1313 468 1352 caream
483 1292 643 1367 frigoribus,
656 1302 750 1347 taces..

375 1372 421 1431 Da
434 1372 523 1427 Lunae
537 1366 655 1445 properti
669 1387 759 1438 novae,

217 1454 265 1511 Du
277 1451 379 1509 Noctis
393 1450 503 1520 mediae,
517 1450 563 1519 da,
577 1466 657 1522 puer,
672 1446 787 1520 auguris

376 1527 521 1584 Murenae:
543 1524 632 1581 tribus
646 1533 695 1579 aut
708 1540 808 1578 novem

219 1608 377 1666 Miscentur
391 1600 617 1679 cyathis‘pooula
631 1599 795 1656 commodis.

374 1682 437 1743 Qui
451 1680 551 1737 Musas
561 1688 637 1734 amat
650 1677 781 1751 impares,

218 1764 332 1821 Temos
344 1772 387 1819 ter
401 1760 517 1834 cyathos
531 1756 666 1813 attonitus
678 1764 755 1829 petet

375 1838 476 1895 Vates:
497 1848 554 1892 tres
566 1833 696 1909 prohibet
709 1850 793 1906 supra

219 1919 359 1978 Rixarurn
372 1926 502 1973 metuens
521 1924 637 1987 tangere
651 1910 760 1979 Gratia,
774 1977 778 1980 ,

376 1992 470 2067 Nudis
481 1992 579 2066 juncta
593 1988 741 2046 sororibus.

220 2072 351 2132 Insanire
362 2070 447 2146 jurat.
482 2070 541 2126 Cur
555 2065 752 2140 Berecynthiae

376 2149 496 2205 Cessent
509 2145 623 2202 flamina
636 2144 733 2200 tibiael

220 2230 278 2286 Cur
291 2227 397 2304 pendet
409 2226 495 2282 taciti
509 2223 602 2280 fistula
614 2240 682 2277 cum
695 2220 775 2293 lyrtil

376 2304 529 2358 Parcentes
542 2318 595 2373 ego
609 2300 738 2353 dexteras

220 2383 293 2440 Odi:
313 2399 414 2458 sparge
428 2397 521 2444 rosas;
543 2375 639 2432 audiat
653 2373 765 2429 invidus

377 2457 547 2512 Dementem
561 2451 706 2524 strepitum
721 2449 825 2522 Lycus,

221 2537 258 2596 Et
271 2536 364 2594 vicina
378 2534 440 2591 seni
454 2551 511 2589 non
526 2528 627 2588 habilis
640 2525 726 2601 Lyco.

547 2845 630 2900 ODE
651 2844 717 2900 XV.

522 2977 560 3014 An
575 2977 753 3014 AMPHORAM.

300 3084 328 3140 Ο
343 3100 422 3140 narn
436 3095 549 3136 mecum
560 3073 677 3132 consule
693 3071 812 3142 Manlio,

301 3164 360 3219 Seu
372 3172 404 3217 tu
417 3155 554 3232 querelas,
569 3153 626 3209 sive
638 3153 712 3226 geris
722 3151 812 3226 jocos,

340 3240 399 3295 Seu
411 3237 501 3292 rixam
515 3243 544 3290 et
558 3233 672 3289 insanos
683 3248 802 3297 umoreS,

380 3317 438 3371 Seu
452 3313 573 3382 facilem,
587 3311 633 3384 pia
647 3320 727 3378 testa,
742 3323 882 3374 somnum,

299 3395 482 3465 Quocunque
495 3390 600 3446 lectum
614 3387 729 3443 nomine
744 3383 899 3440 Massicum

303 3474 414 3540 Servus,
429 3468 533 3524 moveri
548 3468 635 3541 digna
649 3465 722 3521 bono
736 3463 798 3518 die:

342 3547 503 3615 Descende,
519 3545 642 3602 Corvino
653 3542 781 3616 jubente,

379 3625 510 3682 Promere
525 3622 702 3696 languidiora
715 3618 788 3674 vina.

301 3705 370 3763 Non
385 3704 440 3772 ille,
455 3719 615 3775 quanquam
630 3697 783 3754 Socraticis
796 3695 891 3750 madet

302 3781 496 3850 sermonibus,
510 3791 538 3834 te
554 3777 678 3852 negliget
692 3775 837 3831 horridus:
