2550 4225
442 292 640 343 CARMlNUM
657 294 721 343 LlB.
739 297 788 344 111.

320 435 475 509 Ridetque,
486 436 510 491 si
524 436 649 491 mortalis
661 436 736 492 ultra

332 512 337 517 ’
358 512 416 569 Fas
428 513 557 587 trepidat.
591 513 681 574 Quod
695 513 784 582 adest,
798 522 940 570 memento

281 592 461 667 componere
475 608 588 663 aequus:
611 601 715 646 oaetera
727 589 852 647 fluminis

282 669 356 727 Ritu
369 669 506 738 feruntur,
520 685 599 724 nuno
613 668 708 724 medio
721 668 800 724 alveo

322 746 398 803 Cum
412 763 483 821 paee
497 746 656 801 delabentis
669 745 822 801 Etruscum

360 823 396 881 Iu
410 842 496 894 mare,
511 840 594 879 nuno
603 823 712 898 lapides
725 818 838 879 adesos¹

284 903 446 977 stirpesque
460 910 554 975 reptes
567 910 595 957 et
608 919 697 975 peous
710 911 739 956 et
752 901 850 956 domos

283 979 431 1038 Volventis
444 978 512 1049 uni,
527 996 584 1035 non
598 980 660 1036 sine
674 978 813 1035 montium

322 1057 454 1114 Clamore
468 1057 624 1131 vieinaeque
637 1057 723 1127 silve,

362 1134 464 1195 Quum
478 1134 537 1191 fera
550 1134 670 1191 diluvies
682 1135 792 1209 quietos
921 1123 960 1284 ⁵]
1188 1195 1231 1221 v

285 1214 380 1271 Irritat
393 1231 498 1269 amnes.
540 1212 594 1269 Ille
607 1223 708 1289 potens
721 1214 765 1268 sui
778 1187 901 1345 κζ’

284 1292 435 1365 Letusque
449 1291 542 1365 deget,
557 1291 605 1347 eui
618 1291 686 1347 lieet
700 1291 729 1346 in
744 1291 790 1346 die

323 1368 445 1439 Dixisse,
461 1372 477 1397 “
488 1368 555 1424 Vixi
565 1370 598 1423 '’:
620 1387 684 1425 oras
698 1368 741 1424 vel
752 1368 813 1425 atri

241 1510 247 1519 ¹
363 1445 450 1503 Nube
463 1446 559 1521 polum
572 1446 656 1502 Pater
669 1456 819 1519 oooupato,

287 1526 339 1583 Vel
349 1524 410 1602 ¹sole
424 1542 514 1598 puro:
535 1532 703 1579 nontamen
717 1522 826 1579 irritum
1068 1522 1107 1577 45

281 1602 485 1674 Quodcunque
498 1612 572 1657 retro
585 1609 629 1655 est
641 1599 760 1667 effioiet3
781 1617 873 1673 neque

322 1678 460 1753 Diffinget
474 1676 665 1751 inlectumque
678 1676 778 1734 reddet
794 1706 798 1714 κ

360 1756 449 1817 Quod
464 1755 575 1831 fugiens
589 1755 759 1812 semel'bora
771 1755 853 1812 vexit.

284 1834 419 1905 Fortuna,
435 1850 508 1891 saevo
520 1834 585 1890 laeta
598 1834 721 1909 negotio,
735 1844 763 1889 et

284 1913 400 1971 Ludum
413 1912 580 1969 insolentem
594 1912 692 1968 ludere
706 1912 844 1987 pertinax,

326 1989 511 2047 Transmutat
525 1990 650 2047 incertos
664 1992 794 2060 honores,

364 2067 452 2125 Nune
465 2068 544 2139 mihi,
559 2086 636 2125 nuno
651 2069 699 2126 alii
712 2068 844 2144 benigna.

285 2149 385 2206 Laudo
398 2157 576 2204 manentem:
598 2147 622 2203 si
637 2147 744 2203 eeleres
756 2147 846 2220 quatit

286 2226 409 2296 Pennas,
421 2224 537 2298 resigno
550 2242 612 2300 quie
626 2226 714 2295 dedit,
728 2234 758 2280 et
771 2224 836 2280 mett

325 2304 437 2362 Virtute
451 2320 497 2357 me
511 2302 630 2370 involvo,
644 2303 816 2376 probumque

364 2379 532 2452 Pauperiem
546 2378 608 2434 sine
622 2378 687 2434 dote
700 2395 802 2451 quaero.
879 2373 888 2394 ⁶

286 2459 353 2517 Non
367 2467 411 2514 est
424 2472 530 2526 meum,
545 2455 568 2511 si
583 2455 691 2530 mugiat
705 2454 811 2510 Africis

287 2535 382 2594 Malus
395 2533 535 2610 proeellis,
550 2534 585 2590 ad
599 2534 716 2590 miseras
729 2538 828 2606 preoes

325 2614 494 2684 Decurrere,
509 2624 538 2670 et
551 2611 621 2670 votis
633 2611 740 2688 puoisoi

364 2690 412 2747 Ne
425 2689 537 2766 Cypriae
551 2689 704 2766 Tyriaeque
718 2705 828 2746 meroes

288 2771 406 2828 Addant
419 2787 501 2826 avaro
514 2769 624 2826 divitias
639 2769 718 2825 mari.

287 2847 365 2904 Tum
379 2866 434 2917 me,
449 2847 564 2902 biremis
576 2848 708 2922 praesidio
721 2847 844 2920 scaphae,

326 2925 435 2982 Tutum
449 2942 498 2998 per
513 2923 627 2996 AEgteos
641 2925 784 2987 tumultus¹

366 3003 446 3058 Aure
460 3000 530 3056 feret
542 3001 729 3074 geminusque
742 2999 851 3057 Pollux.

485 3181 769 3197 ...ἐ-ι-

514 3329 598 3388 ODE
617 3328 733 3400 XXIV.

288 3451 387 3512 Exuar
401 3460 616 3507 monumentum
630 3465 686 3505 ere
698 3446 862 3522 perennius,

271 3521 275 3532 ¹
289 3528 448 3605 Regalique
462 3527 517 3585 situ
530 3526 707 3602 pyramidum
721 3526 817 3594 altius;
898 3524 902 3532 '

289 3607 379 3670 Quod
392 3624 449 3663 non
463 3605 553 3662 imber
567 3605 649 3674 edax,
663 3621 721 3660 non
736 3604 841 3678 Aquilo
854 3603 993 3678 impotens

290 3684 383 3742 Possit
396 3684 517 3754 diruere,
530 3693 579 3739 aut
592 3681 805 3738 innumerabilis

292 3763 441 3820 Annorum
455 3761 552 3832 series,
566 3770 595 3816 et
608 3759 676 3834 fuga
688 3770 854 3834 temporum.
