2550 4225
417 302 796 351 suriunnuuurn.11.t.
865 319 867 328 ·
1035 300 1088 360 121

151 446 262 502 'Verum
274 443 312 501 ob
325 442 473 499 consilium
487 442 594 498 donent
606 442 735 497 tonsore!
769 440 829 497 Sed
842 439 919 496 unde

152 521 228 579 Tam
242 522 314 577 hene
329 538 374 575 me
387 516 482 575 ndstil

411 692 413 698 .
515 664 688 695 nummus.

580 748 732 823 Postquam
744 746 838 803 omnis
850 764 895 802 res
908 764 971 804 mea
984 746 1089 805 lanum

153 830 201 885 Ad
214 826 338 885 medium
354 826 441 881 hscte
454 835 506 891 est,
521 825 613 879 aliena
622 825 737 898 negotia
749 840 828 893 curo,

152 906 296 963 Fncussus
308 902 434 979 propriis.
468 901 545 957 Olim
560 920 627 958 nem
640 918 767 974 querere
779 900 909 957 umaham
1049 903 1089 957 Ἄ)

152 983 219 1045 Quo
233 980 308 1037 vafer
321 980 367 1037 ille
380 980 467 1053 pedes
479 978 591 1035 lavisset
604 978 740 1052 Sisyphus
753 996 818 1047 ere,

151 1058 387 1133 Quidsculpturh
401 1052 520 1125 infabre,
534 1055 601 1129 quid
616 1055 710 1111 fusum
723 1052 924 1121 duridsesset3

154 1136 282 1193 Callidus
296 1135 362 1191 huic
372 1135 454 1209 signo
466 1133 604 1207 ponebam
617 1130 705 1187 millia
717 1142 832 1187 centurn
845 1150 852 1197 3

153 1214 257 1271 Hortus
270 1211 452 1287 egregiasque
465 1211 563 1267 domus
576 1208 727 1265 mercarier
740 1226 815 1265 uuus

154 1292 227 1348 Cum
240 1290 320 1347 lucro
330 1287 445 1345 nitram:
466 1286 542 1343 uude
556 1286 712 1359 frequentin
725 1284 897 1342 Mercuriale
1050 1286 1091 1340 25

155 1364 319 1443 Imposudre
333 1364 402 1422 mihi
416 1381 574 1438 eognomen
588 1363 720 1436 compita.

528 1509 675 1541 notumve.

153 1675 191 1733 Et
203 1673 292 1733 morbi
305 1673 391 1729 miror
405 1682 553 1745 purgatum
567 1680 594 1725 te
609 1669 692 1730 illius.
775 1591 865 1647 Non*

515 1815 687 1847 nuntiaturus.

768 1875 857 1975 siqu

153 1982 265 2039 Emovit
278 1991 399 2037 veterem
413 1978 483 2036 mire
497 1996 594 2048 novus,
610 1990 640 2035 ut
654 1978 733 2047 solet,
748 1977 779 2035 in
791 1996 841 2035 cor

153 2058 287 2134 Trajecto
301 2057 396 2115 leteris
408 2055 503 2114 miseri
517 2057 670 2131 capitisque
683 2056 797 2113 delore:

153 2137 191 2194 Ut
203 2135 375 2210 lethargicus
388 2135 445 2202 hic,
458 2153 544 2208 quum
557 2135 589 2192 fit
601 2135 689 2208 pugil,
702 2145 731 2190 et
741 2134 883 2190 medicum
898 2146 986 2208 urget
1038 2132 1091 2191 'Co
1177 2213 1182 2220 x

530 2279 672 2310 HORATIUS.

153 2367 228 2424 Dum
243 2364 357 2437 nequid
371 2363 461 2420 simile
476 2364 552 2431 huic,
566 2372 627 2418 esto
640 2374 671 2417 ut
684 2363 759 2418 libet

516 2507 687 2538 vendamus,

775 2591 804 2648 Ο
818 2593 900 2662 bone,
915 2613 951 2651 ne
965 2608 992 2650 te

153 2675 314 2742 Frusttere;
336 2672 537 2742 insanissent,
551 2671 682 2744 stultique
695 2667 782 2744 prope
793 2689 904 2741 omues,

153 2753 264 2827 Siquid
281 2749 431 2807 Stertinius
446 2749 502 2805 veri
516 2760 630 2822 crepm
645 2748 721 2804 unde
731 2766 785 2823 ego
797 2747 870 2804 mira

152 2828 295 2904 Descripsi
310 2825 410 2884 docilis
422 2836 561 2902 precepta
575 2826 785 2900 hec-tempore
798 2844 854 2900 quo
867 2845 913 2881 me

152 2907 265 2966 Solutus
275 2905 358 2980 jussit
371 2903 526 2977 sapientem
540 2920 655 2975 pascere
670 2903 793 2973 barbam,
1050 2905 1089 2959 35

152 2985 246 3057 Atque
260 3003 277 3039 e
292 2979 422 3038 Fabricio
437 2997 493 3035 nou
508 2977 615 3034 tristem
629 2990 713 3050 ponte
727 2981 834 3035 reverti.

131 3105 137 3113 .
151 3059 228 3116 Nam
243 3057 316 3116 mate
331 3077 361 3114 re
374 3056 454 3132 gestet
468 3073 554 3130 quum
568 3053 669 3109 vellem
682 3056 791 3112 mittere
804 3068 902 3129 operto

152 3137 201 3194 Me
215 3136 306 3211 capite
320 3136 349 3191 iu
364 3133 478 3202 flumen,
493 3133 589 3188 dexter
603 3131 696 3187 stetit:
717 3142 755 3200 et,
776 3136 793 3162 ‘⁴
806 3132 882 3188 Cave
896 3132 966 3190 faxis

150 3214 197 3271 Te
210 3215 361 3288 quidquam
376 3211 540 3286 indignum3
562 3209 679 3282 pudor,’'
694 3207 793 3282 iuquit,
810 3214 827 3239 “
836 3221 864 3265 te
884 3210 974 3265 mulus
988 3221 1077 3284 urget,

151 3292 271 3349 Insanos
283 3290 331 3364 qui
346 3287 418 3345 iflier
431 3305 543 3344 vereare
556 3285 674 3342 insanus
686 3285 790 3342 haberi.
1050 3289 1088 3343 4⁰

150 3365 279 3426 Primum
293 3385 358 3424 nam
370 3365 508 3439 inquimm
521 3364 588 3437 quid
602 3363 638 3418 sit
652 3363 743 3419 furere
754 3382 761 3416 ς
782 3364 836 3419 hoc
849 3365 872 3420 si
885 3365 939 3419 erit
952 3364 981 3420 in
995 3377 1026 3421 te

152 3447 228 3517 Solu,
243 3445 283 3502 nil
296 3443 392 3512 verbi„
434 3461 497 3498 reas
510 3441 576 3514 quin
593 3441 708 3512 sortiter,
722 3439 830 3495 addam.

149 3522 249 3585 Quem
262 3522 338 3579 mela
351 3531 395 3578 stu
405 3519 467 3577 titia
480 3529 509 3574 et
521 3535 718 3592 quemcunque
729 3516 841 3573 inscitia
855 3518 911 3575 veri

150 3601 270 3656 Caecum
284 3598 352 3674 agit,
366 3598 497 3654 insanum
511 3594 662 3668 Chrysippi
674 3592 799 3667 porticus
809 3604 839 3649 et
851 3612 919 3668 grex

151 3679 298 3734 Autumat.
333 3674 406 3730 Haec
419 3672 543 3748 populos,
557 3667 619 3728 hec
633 3688 750 3744 magnos
763 3669 880 3726 formula
892 3688 982 3745 reges,
1048 3674 1086 3726 45

151 3753 279 3830 Excepto
292 3752 429 3826 sapiente,
439 3759 523 3808 tenet.
545 3747 646 3803 =Nunc
655 3747 756 3820 accipe
769 3763 855 3820 quare
