2550 4225
472 272 670 324 eremmon
684 274 751 323 utu.
769 276 818 326 111.

386 410 422 467 In
435 413 555 486 patulum
563 414 755 487 populusque
763 414 854 473 finxit

309 488 405 545 Motus
418 488 513 545 doeeri
525 490 631 563 gaudet
642 490 758 547 Iunioos

309 564 422 621 Matura
435 566 521 640 virgo,
532 576 565 622 et
573 566 692 640 ==fiugiue
706 568 827 625 artibus:

348 641 366 697 J
368 660 413 697 am
427 661 504 703 nnnc
518 654 547 699 et
556 644 686 701 iuuenes
700 663 808 701 amores

387 718 431 773 De
445 730 541 777 tenero
553 720 706 777 meditatur
720 715 817 795 ungui.

309 794 376 850 Non
390 795 433 850 his
443 796 575 869 juventus
588 807 650 853 ortu
662 798 824 869 parantibus

308 871 412 927 Infecit
426 887 518 945 aequor
532 874 670 945 sauguine
684 874 802 944 Punico,

347 948 540 1021 Pyrrhumque
554 961 583 1005 et
593 952 741 1023 ingentem
755 952 859 1007 (recidit

385 1023 569 1095 Antiochum,
585 1026 831 1101 Hannibalemque
844 1028 953 1085 dirum:

309 1102 366 1157 Sed
379 1103 545 1162 rustioornm
559 1104 685 1162 muscula
697 1104 819 1161 militum

308 1178 412 1248 Proles,
428 1179 546 1235 Sabellis
557 1180 643 1237 dmta
656 1180 797 1253 ligonibus

348 1256 468 1311 Versare
481 1256 585 1330 glebas,
599 1267 628 1312 et
641 1275 745 1313 severae

386 1330 485 1388 Matris
499 1334 534 1388 ad
548 1333 693 1389 arbitrium
707 1335 813 1393 recisos

308 1410 421 1465 Portare
435 1410 531 1480 fustes,
545 1409 585 1465 sol
600 1410 649 1465 ubi
662 1412 800 1467 montium

308 1486 431 1541 Mutaret
444 1487 565 1555 umbraS,
580 1498 609 1543 et
620 1486 688 1559 juga
701 1488 827 1543 demeret

346 1563 442 1619 Bobus
456 1562 586 1636 fatigatis,
601 1563 724 1617 uminum

386 1638 514 1713 Tempus
527 1657 615 1713 agens
629 1638 750 1695 abeunte
763 1658 855 1696 curru.

307 1717 451 1773 Damnosa
464 1716 531 1789 quid
545 1734 603 1771 non
617 1714 759 1771 imminuit
771 1716 850 1773 diesl

307 1794 389 1851 AEtas
402 1792 559 1867 parentum,
571 1792 651 1867 pejor
663 1792 732 1863 avis,
743 1793 809 1851 tulit

346 1869 407 1926 Nos
420 1870 577 1943 nequiores,
591 1871 784 1929 mandaturos

385 1946 551 2021 Progeniem
565 1947 742 2005 vitiosiorem.

549 2259 633 2316 ODE
653 2260 722 2317 VII.

508 2391 548 2436 ro
563 2389 768 2430 nevernorum.

303 2489 437 2546 Marinus
451 2487 558 2561 ooelebs
567 2487 636 2560 quid
651 2505 733 2561 egem
747 2487 887 2560 kalendis,

303 2566 386 2627 Quid
400 2563 486 2620 velint
499 2562 591 2634 florea,
605 2571 635 2620 et
647 2581 745 2620 acerra
757 2559 848 2620 thuris

306 2644 404 2713 Plena,
418 2641 538 2713 miraris,
551 2641 713 2716 positusque
726 2642 812 2698 narbo
825 2643 855 2700 in

323 2716 325 2723 ⁴
498 2718 614 2794 Cespite
627 2720 699 2790 vivo,

224 2815 227 2819 ·
306 2797 396 2854 Doete
409 2815 552 2854 sermones
566 2797 710 2869 utriusque
723 2797 836 2872 linguae.

306 2873 444 2930 Voveram
458 2873 556 2930 dulces
569 2874 666 2947 epulas
679 2885 709 2930 et
718 2875 814 2930 album

306 2949 408 3006 Libero
422 2967 547 3022 caprum,
561 2945 647 3021 prope
661 2949 807 3006 funeratus

501 3025 619 3080 Arboris
632 3024 699 3081 iatn.

308 3103 365 3160 Hio
376 3104 437 3159 dies
451 3121 526 3161 anno
539 3101 675 3158 redeunte
690 3101 778 3158 festus

309 3181 452 3237 Cortioem
466 3180 612 3237 astrictum
624 3179 690 3252 pioe
702 3178 856 3235 dimovebit

308 3259 469 3332 Amphorae‚
484 3257 592 3314 sumum
608 3256 704 3313 bibere
717 3257 852 3312 institute

501 3334 626 3393 Consule
638 3333 733 3391 Tullo.

307 3413 404 3482 Sume,
419 3409 572 3482 Meuanas,
586 3412 702 3484 oynthos
715 3411 801 3468 amici

308 3489 427 3561 Sospitis
440 3499 571 3556 eentum;
592 3497 620 3544 et
633 3488 732 3562 vigiles
744 3488 875 3544 lucemus

307 3565 402 3626 Pem'er
416 3565 445 3620 in
458 3563 568 3622 lucem:
588 3566 686 3639 procul
698 3566 791 3623 omnis
803 3576 863 3622 esto

502 3642 615 3699 Clamor
629 3653 659 3698 et
668 3643 716 3698 ira.

307 3716 389 3775 Mitte
403 3719 500 3775 civiles
513 3738 595 3794 super
609 3719 686 3777 Urbe
699 3738 795 3777 auras:
