<?xml version="1.0" encoding="UTF-8"?>
<!DOCTYPE html PUBLIC "-//W3C//DTD XHTML 1.0 Transitional//EN"
    "http://www.w3.org/TR/xhtml1/DTD/xhtml1-transitional.dtd">
<html xmlns="http://www.w3.org/1999/xhtml" xml:lang="en" lang="en">
 <head>
  <title>
</title>
<meta http-equiv="Content-Type" content="text/html;charset=utf-8" />
  <meta name='ocr-system' content='tesseract 3.04.00' />
  <meta name='ocr-capabilities' content='ocr_page ocr_carea ocr_par ocr_line ocrx_word'/>
</head>
<body>
  <div class='ocr_page' id='page_1' title='image "./quintihoratiifl02goulgoog_0064.png"; bbox 0 0 2550 4225; ppageno 0'>
   <div class='ocr_carea' id='block_1_1' title="bbox 455 300 806 349">
    <p class='ocr_par' dir='ltr' id='par_1_1' title="bbox 455 300 806 349">
     <span class='ocr_line' id='line_1_1' title="bbox 455 300 806 349; baseline -0.014 0"><span class='ocrx_word' id='word_1_1' title='bbox 455 300 654 349; x_wconf 80' lang='lat' dir='ltr'>CARMINUM</span> <span class='ocrx_word' id='word_1_2' title='bbox 670 300 735 349; x_wconf 77' lang='lat' dir='ltr'>tm.</span> <span class='ocrx_word' id='word_1_3' title='bbox 752 302 806 349; x_wconf 62' lang='lat'>111„</span> 
     </span>
    </p>
   </div>
   <div class='ocr_carea' id='block_1_2' title="bbox 235 440 816 1218">
    <p class='ocr_par' dir='ltr' id='par_1_2' title="bbox 235 440 816 1218">
     <span class='ocr_line' id='line_1_2' title="bbox 331 440 796 501; baseline -0.009 -1"><span class='ocrx_word' id='word_1_4' title='bbox 331 444 392 501; x_wconf 87' lang='lat' dir='ltr'>Aut</span> <span class='ocrx_word' id='word_1_5' title='bbox 405 442 508 499; x_wconf 89' lang='lat' dir='ltr'>crescit</span> <span class='ocrx_word' id='word_1_6' title='bbox 521 441 643 499; x_wconf 88' lang='lat' dir='ltr'>Albanis</span> <span class='ocrx_word' id='word_1_7' title='bbox 656 441 686 497; x_wconf 86' lang='lat' dir='ltr'>in</span> <span class='ocrx_word' id='word_1_8' title='bbox 699 440 796 497; x_wconf 82' lang='lat' dir='ltr'>herbis</span> 
     </span>
     <span class='ocr_line' id='line_1_3' title="bbox 235 518 811 594; baseline -0.005 -16"><span class='ocrx_word' id='word_1_9' title='bbox 235 582 239 594; x_wconf 38' lang='grc' dir='ltr'><em>Ι</em></span> <span class='ocrx_word' id='word_1_10' title='bbox 369 520 502 591; x_wconf 77' lang='lat' dir='ltr'>Victima,</span> <span class='ocrx_word' id='word_1_11' title='bbox 517 518 683 594; x_wconf 90' lang='lat' dir='ltr'>pontificum</span> <span class='ocrx_word' id='word_1_12' title='bbox 698 538 811 575; x_wconf 88' lang='lat' dir='ltr'>secures</span> 
     </span>
     <span class='ocr_line' id='line_1_4' title="bbox 292 596 803 673; baseline -0.004 -18"><span class='ocrx_word' id='word_1_13' title='bbox 292 598 411 656; x_wconf 82' lang='lat' dir='ltr'>Cervice</span> <span class='ocrx_word' id='word_1_14' title='bbox 424 598 522 673; x_wconf 87' lang='lat' dir='ltr'>tinget.</span> <span class='ocrx_word' id='word_1_15' title='bbox 558 596 604 652; x_wconf 89' lang='lat' dir='ltr'>Te</span> <span class='ocrx_word' id='word_1_16' title='bbox 618 596 690 653; x_wconf 87' lang='lat' dir='ltr'>nihil</span> <span class='ocrx_word' id='word_1_17' title='bbox 704 597 803 653; x_wconf 83' lang='lat' dir='ltr'>attinet</span> 
     </span>
     <span class='ocr_line' id='line_1_5' title="bbox 291 674 787 733; baseline -0.01 0"><span class='ocrx_word' id='word_1_18' title='bbox 291 676 418 733; x_wconf 81' lang='lat' dir='ltr'>Tentare</span> <span class='ocrx_word' id='word_1_19' title='bbox 432 676 521 733; x_wconf 80' lang='lat' dir='ltr'>multi</span> <span class='ocrx_word' id='word_1_20' title='bbox 535 675 614 731; x_wconf 80' lang='lat' dir='ltr'>caede</span> <span class='ocrx_word' id='word_1_21' title='bbox 629 674 787 731; x_wconf 84' lang='lat' dir='ltr'>bidentium</span> 
     </span>
     <span class='ocr_line' id='line_1_6' title="bbox 331 752 757 812; baseline -0.007 -1"><span class='ocrx_word' id='word_1_22' title='bbox 331 755 436 811; x_wconf 86' lang='lat' dir='ltr'>Parvos</span> <span class='ocrx_word' id='word_1_23' title='bbox 449 763 632 811; x_wconf 80' lang='lat' dir='ltr'>coronantem</span> <span class='ocrx_word' id='word_1_24' title='bbox 646 752 757 812; x_wconf 88' lang='lat' dir='ltr'>marino</span> 
     </span>
     <span class='ocr_line' id='line_1_7' title="bbox 370 830 816 905; baseline -0.004 -17"><span class='ocrx_word' id='word_1_25' title='bbox 370 832 449 888; x_wconf 76' lang='lat' dir='ltr'>Rure</span> <span class='ocrx_word' id='word_1_26' title='bbox 463 832 542 903; x_wconf 90' lang='lat' dir='ltr'>deos,</span> <span class='ocrx_word' id='word_1_27' title='bbox 558 830 703 905; x_wconf 83' lang='lat' dir='ltr'>fragilique</span> <span class='ocrx_word' id='word_1_28' title='bbox 717 840 816 903; x_wconf 86' lang='lat' dir='ltr'>myrto.</span> 
     </span>
     <span class='ocr_line' id='line_1_8' title="bbox 293 907 792 983; baseline -0.004 -16"><span class='ocrx_word' id='word_1_29' title='bbox 293 910 433 967; x_wconf 87' lang='lat' dir='ltr'>immunis</span> <span class='ocrx_word' id='word_1_30' title='bbox 446 928 524 967; x_wconf 90' lang='lat' dir='ltr'>aram</span> <span class='ocrx_word' id='word_1_31' title='bbox 538 908 561 966; x_wconf 87' lang='lat' dir='ltr'>si</span> <span class='ocrx_word' id='word_1_32' title='bbox 576 907 668 983; x_wconf 83' lang='lat' dir='ltr'>tetigit</span> <span class='ocrx_word' id='word_1_33' title='bbox 681 926 792 978; x_wconf 87' lang='lat' dir='ltr'>manus,</span> 
     </span>
     <span class='ocr_line' id='line_1_9' title="bbox 292 985 796 1061; baseline -0.008 -16"><span class='ocrx_word' id='word_1_34' title='bbox 292 988 359 1045; x_wconf 92' lang='lat' dir='ltr'>Nou</span> <span class='ocrx_word' id='word_1_35' title='bbox 374 988 537 1061; x_wconf 72' lang='lat' dir='ltr'>sumptuosi</span> <span class='ocrx_word' id='word_1_36' title='bbox 552 986 679 1043; x_wconf 82' lang='lat' dir='ltr'>blandior</span> <span class='ocrx_word' id='word_1_37' title='bbox 693 985 796 1056; x_wconf 72' lang='lat' dir='ltr'>hostia,</span> 
     </span>
     <span class='ocr_line' id='line_1_10' title="bbox 332 1062 713 1123; baseline -0.013 0"><span class='ocrx_word' id='word_1_38' title='bbox 332 1064 453 1123; x_wconf 81' lang='lat' dir='ltr'>Mollivit</span> <span class='ocrx_word' id='word_1_39' title='bbox 467 1082 577 1121; x_wconf 88' lang='lat' dir='ltr'>aversos</span> <span class='ocrx_word' id='word_1_40' title='bbox 590 1062 713 1121; x_wconf 88' lang='lat' dir='ltr'>Penates</span> 
     </span>
     <span class='ocr_line' id='line_1_11' title="bbox 370 1141 784 1218; baseline -0.002 -19"><span class='ocrx_word' id='word_1_41' title='bbox 370 1142 457 1199; x_wconf 79' lang='lat' dir='ltr'>Fame</span> <span class='ocrx_word' id='word_1_42' title='bbox 470 1142 518 1218; x_wconf 89' lang='lat' dir='ltr'>pio</span> <span class='ocrx_word' id='word_1_43' title='bbox 528 1152 556 1197; x_wconf 92' lang='lat' dir='ltr'>et</span> <span class='ocrx_word' id='word_1_44' title='bbox 569 1141 687 1199; x_wconf 86' lang='lat' dir='ltr'>saliente</span> <span class='ocrx_word' id='word_1_45' title='bbox 700 1141 784 1199; x_wconf 76' lang='lat' dir='ltr'>mici.</span> 
     </span>
    </p>
   </div>
   <div class='ocr_carea' id='block_1_3' title="bbox 520 1452 734 1510">
    <p class='ocr_par' dir='ltr' id='par_1_3' title="bbox 520 1452 734 1510">
     <span class='ocr_line' id='line_1_12' title="bbox 520 1452 734 1510; baseline 0 0"><span class='ocrx_word' id='word_1_46' title='bbox 520 1454 604 1510; x_wconf 87' lang='lat' dir='ltr'>ODE</span> <span class='ocrx_word' id='word_1_47' title='bbox 618 1452 734 1510; x_wconf 90' lang='lat' dir='ltr'>XVIII.</span> 
     </span>
    </p>
   </div>
   <div class='ocr_carea' id='block_1_4' title="bbox 407 1558 786 1625">
    <p class='ocr_par' dir='ltr' id='par_1_4' title="bbox 407 1558 786 1625">
     <span class='ocr_line' id='line_1_13' title="bbox 407 1558 786 1625; baseline -0.005 0"><span class='ocrx_word' id='word_1_48' title='bbox 407 1558 411 1563; x_wconf 34' lang='grc' dir='ltr'><strong><em>Ι</em></strong></span> <span class='ocrx_word' id='word_1_49' title='bbox 469 1588 507 1625; x_wconf 73' lang='grc' dir='ltr'>ΙΝ</span> <span class='ocrx_word' id='word_1_50' title='bbox 523 1588 643 1624; x_wconf 77' lang='lat' dir='ltr'>mvrrns</span> <span class='ocrx_word' id='word_1_51' title='bbox 664 1586 786 1624; x_wconf 70' lang='lat' dir='ltr'>manoe.</span> 
     </span>
    </p>
   </div>
   <div class='ocr_carea' id='block_1_5' title="bbox 192 1684 934 3790">
    <p class='ocr_par' dir='ltr' id='par_1_5' title="bbox 192 1684 934 3790">
     <span class='ocr_line' id='line_1_14' title="bbox 411 1684 726 1759; baseline 0.003 -18"><span class='ocrx_word' id='word_1_52' title='bbox 411 1685 554 1743; x_wconf 75' lang='lat' dir='ltr'>Inuacms</span> <span class='ocrx_word' id='word_1_53' title='bbox 568 1684 726 1759; x_wconf 87' lang='lat' dir='ltr'>opulentior</span> 
     </span>
     <span class='ocr_line' id='line_1_15' title="bbox 252 1762 815 1833; baseline -0.012 -9"><span class='ocrx_word' id='word_1_54' title='bbox 252 1765 409 1823; x_wconf 85' lang='lat' dir='ltr'>Thesauris</span> <span class='ocrx_word' id='word_1_55' title='bbox 423 1764 551 1819; x_wconf 85' lang='lat' dir='ltr'>Arabum</span> <span class='ocrx_word' id='word_1_56' title='bbox 565 1774 594 1819; x_wconf 89' lang='lat' dir='ltr'>et</span> <span class='ocrx_word' id='word_1_57' title='bbox 607 1762 700 1819; x_wconf 86' lang='lat' dir='ltr'>divitis</span> <span class='ocrx_word' id='word_1_58' title='bbox 714 1762 815 1833; x_wconf 85' lang='lat' dir='ltr'>ludiae,</span> 
     </span>
     <span class='ocr_line' id='line_1_16' title="bbox 411 1840 874 1916; baseline -0.011 -17"><span class='ocrx_word' id='word_1_59' title='bbox 411 1841 565 1899; x_wconf 85' lang='lat' dir='ltr'>Caementis</span> <span class='ocrx_word' id='word_1_60' title='bbox 579 1840 646 1899; x_wconf 83' lang='lat' dir='ltr'>licet</span> <span class='ocrx_word' id='word_1_61' title='bbox 658 1859 782 1916; x_wconf 84' lang='lat' dir='ltr'>occupes</span> <span class='ocrx_word' id='word_1_62' title='bbox 869 1855 874 1860; x_wconf 83' lang='lat'><strong>·</strong></span> 
     </span>
     <span class='ocr_line' id='line_1_17' title="bbox 248 1916 921 1997; baseline -0.01 -17"><span class='ocrx_word' id='word_1_63' title='bbox 248 1922 434 1997; x_wconf 59' lang='lat' dir='ltr'>‚Tyrrhenum</span> <span class='ocrx_word' id='word_1_64' title='bbox 447 1938 532 1977; x_wconf 90' lang='lat' dir='ltr'>omne</span> <span class='ocrx_word' id='word_1_65' title='bbox 545 1919 601 1975; x_wconf 90' lang='lat' dir='ltr'>tuis</span> <span class='ocrx_word' id='word_1_66' title='bbox 614 1930 644 1974; x_wconf 87' lang='lat' dir='ltr'>et</span> <span class='ocrx_word' id='word_1_67' title='bbox 656 1937 732 1975; x_wconf 89' lang='lat' dir='ltr'>mare</span> <span class='ocrx_word' id='word_1_68' title='bbox 747 1916 921 1994; x_wconf 81' lang='lat' dir='ltr'>Apulicum3</span> 
     </span>
     <span class='ocr_line' id='line_1_18' title="bbox 410 1997 726 2071; baseline 0 -18"><span class='ocrx_word' id='word_1_69' title='bbox 410 1997 442 2053; x_wconf 86' lang='lat' dir='ltr'>Si</span> <span class='ocrx_word' id='word_1_70' title='bbox 455 1998 516 2071; x_wconf 85' lang='lat' dir='ltr'>figit</span> <span class='ocrx_word' id='word_1_71' title='bbox 530 1997 726 2053; x_wconf 86' lang='lat' dir='ltr'>adamantinos</span> 
     </span>
     <span class='ocr_line' id='line_1_19' title="bbox 254 2074 795 2136; baseline -0.009 -1"><span class='ocrx_word' id='word_1_72' title='bbox 254 2078 378 2136; x_wconf 85' lang='lat' dir='ltr'>Summis</span> <span class='ocrx_word' id='word_1_73' title='bbox 391 2075 542 2134; x_wconf 84' lang='lat' dir='ltr'>verticibus</span> <span class='ocrx_word' id='word_1_74' title='bbox 556 2074 618 2134; x_wconf 86' lang='lat' dir='ltr'>dira</span> <span class='ocrx_word' id='word_1_75' title='bbox 630 2074 795 2132; x_wconf 79' lang='lat' dir='ltr'>Necessitas</span> 
     </span>
     <span class='ocr_line' id='line_1_20' title="bbox 410 2153 836 2226; baseline -0.002 -16"><span class='ocrx_word' id='word_1_76' title='bbox 410 2153 522 2226; x_wconf 85' lang='lat' dir='ltr'>Clavus,</span> <span class='ocrx_word' id='word_1_77' title='bbox 536 2173 593 2211; x_wconf 91' lang='lat' dir='ltr'>non</span> <span class='ocrx_word' id='word_1_78' title='bbox 608 2155 734 2211; x_wconf 89' lang='lat' dir='ltr'>animum</span> <span class='ocrx_word' id='word_1_79' title='bbox 748 2162 836 2224; x_wconf 90' lang='lat' dir='ltr'>metu,</span> 
     </span>
     <span class='ocr_line' id='line_1_21' title="bbox 252 2232 804 2308; baseline -0.005 -17"><span class='ocrx_word' id='word_1_80' title='bbox 252 2233 321 2291; x_wconf 90' lang='lat' dir='ltr'>Non</span> <span class='ocrx_word' id='word_1_81' title='bbox 334 2233 431 2302; x_wconf 85' lang='lat' dir='ltr'>mortis</span> <span class='ocrx_word' id='word_1_82' title='bbox 444 2232 551 2308; x_wconf 83' lang='lat' dir='ltr'>laqueis</span> <span class='ocrx_word' id='word_1_83' title='bbox 564 2232 698 2307; x_wconf 85' lang='lat' dir='ltr'>expedies</span> <span class='ocrx_word' id='word_1_84' title='bbox 711 2242 804 2306; x_wconf 86' lang='lat' dir='ltr'>caput.</span> 
     </span>
     <span class='ocr_line' id='line_1_22' title="bbox 409 2307 843 2385; baseline -0.007 -19"><span class='ocrx_word' id='word_1_85' title='bbox 409 2310 590 2385; x_wconf 85' lang='lat' dir='ltr'>Campestres</span> <span class='ocrx_word' id='word_1_86' title='bbox 603 2307 706 2366; x_wconf 78' lang='lat' dir='ltr'>melius</span> <span class='ocrx_word' id='word_1_87' title='bbox 719 2309 843 2383; x_wconf 74' lang='lat' dir='ltr'>Scythae,</span> 
     </span>
     <span class='ocr_line' id='line_1_23' title="bbox 249 2383 934 2465; baseline -0.01 -16"><span class='ocrx_word' id='word_1_88' title='bbox 249 2389 383 2450; x_wconf 77' lang='lat' dir='ltr'>Quorum</span> <span class='ocrx_word' id='word_1_89' title='bbox 396 2389 521 2465; x_wconf 83' lang='lat' dir='ltr'>plaustra</span> <span class='ocrx_word' id='word_1_90' title='bbox 533 2405 618 2461; x_wconf 78' lang='lat' dir='ltr'>vagas</span> <span class='ocrx_word' id='word_1_91' title='bbox 630 2383 685 2442; x_wconf 72' lang='lat' dir='ltr'>rite</span> <span class='ocrx_word' id='word_1_92' title='bbox 699 2387 814 2443; x_wconf 85' lang='lat' dir='ltr'>trahunt</span> <span class='ocrx_word' id='word_1_93' title='bbox 826 2385 934 2455; x_wconf 84' lang='lat' dir='ltr'>domos,</span> 
     </span>
     <span class='ocr_line' id='line_1_24' title="bbox 408 2463 780 2539; baseline -0.011 -15"><span class='ocrx_word' id='word_1_94' title='bbox 408 2467 527 2536; x_wconf 86' lang='lat' dir='ltr'>Vivunt,</span> <span class='ocrx_word' id='word_1_95' title='bbox 541 2473 570 2520; x_wconf 87' lang='lat' dir='ltr'>et</span> <span class='ocrx_word' id='word_1_96' title='bbox 582 2463 667 2539; x_wconf 86' lang='lat' dir='ltr'>rigidi</span> <span class='ocrx_word' id='word_1_97' title='bbox 680 2463 780 2532; x_wconf 69' lang='lat' dir='ltr'>Geta}</span> 
     </span>
     <span class='ocr_line' id='line_1_25' title="bbox 253 2542 744 2620; baseline -0.004 -18"><span class='ocrx_word' id='word_1_98' title='bbox 253 2545 403 2614; x_wconf 81' lang='lat' dir='ltr'>Immetata</span> <span class='ocrx_word' id='word_1_99' title='bbox 414 2544 516 2620; x_wconf 91' lang='lat' dir='ltr'>quibus</span> <span class='ocrx_word' id='word_1_100' title='bbox 526 2543 628 2620; x_wconf 86' lang='lat' dir='ltr'>jugera</span> <span class='ocrx_word' id='word_1_101' title='bbox 640 2542 744 2600; x_wconf 84' lang='lat' dir='ltr'>liberas</span> 
     </span>
     <span class='ocr_line' id='line_1_26' title="bbox 408 2621 827 2698; baseline 0 -19"><span class='ocrx_word' id='word_1_102' title='bbox 408 2621 518 2698; x_wconf 85' lang='lat' dir='ltr'>Fruges</span> <span class='ocrx_word' id='word_1_103' title='bbox 531 2632 560 2680; x_wconf 89' lang='lat' dir='ltr'>et</span> <span class='ocrx_word' id='word_1_104' title='bbox 573 2621 709 2679; x_wconf 87' lang='lat' dir='ltr'>Cererem</span> <span class='ocrx_word' id='word_1_105' title='bbox 723 2621 827 2693; x_wconf 85' lang='lat' dir='ltr'>serunt,</span> 
     </span>
     <span class='ocr_line' id='line_1_27' title="bbox 252 2701 793 2777; baseline 0 -19"><span class='ocrx_word' id='word_1_106' title='bbox 252 2701 440 2759; x_wconf 76' lang='lat' dir='ltr'>Neooultura</span> <span class='ocrx_word' id='word_1_107' title='bbox 452 2701 545 2776; x_wconf 87' lang='lat' dir='ltr'>placet</span> <span class='ocrx_word' id='word_1_108' title='bbox 557 2701 668 2777; x_wconf 86' lang='lat' dir='ltr'>longior</span> <span class='ocrx_word' id='word_1_109' title='bbox 681 2701 793 2769; x_wconf 73' lang='lat' dir='ltr'>annud3</span> 
     </span>
     <span class='ocr_line' id='line_1_28' title="bbox 409 2778 795 2854; baseline 0 -18"><span class='ocrx_word' id='word_1_110' title='bbox 409 2778 639 2854; x_wconf 75' lang='lat' dir='ltr'>Defunctumque</span> <span class='ocrx_word' id='word_1_111' title='bbox 652 2779 795 2838; x_wconf 89' lang='lat' dir='ltr'>laboribus</span> 
     </span>
     <span class='ocr_line' id='line_1_29' title="bbox 253 2857 718 2932; baseline 0.002 -19"><span class='ocrx_word' id='word_1_112' title='bbox 253 2857 366 2932; x_wconf 77' lang='lat' dir='ltr'>AEquali</span> <span class='ocrx_word' id='word_1_113' title='bbox 380 2868 488 2915; x_wconf 88' lang='lat' dir='ltr'>recreat</span> <span class='ocrx_word' id='word_1_114' title='bbox 502 2869 575 2914; x_wconf 87' lang='lat' dir='ltr'>sorte</span> <span class='ocrx_word' id='word_1_115' title='bbox 588 2859 718 2914; x_wconf 87' lang='lat' dir='ltr'>vicarius.</span> 
     </span>
     <span class='ocr_line' id='line_1_30' title="bbox 288 2935 752 3000; baseline -0.002 -9"><span class='ocrx_word' id='word_1_116' title='bbox 288 2995 289 3000; x_wconf 8' lang='grc' dir='ltr'>χ</span> <span class='ocrx_word' id='word_1_117' title='bbox 410 2935 474 2991; x_wconf 89' lang='lat' dir='ltr'>Illio</span> <span class='ocrx_word' id='word_1_118' title='bbox 488 2945 576 2990; x_wconf 91' lang='lat' dir='ltr'>matre</span> <span class='ocrx_word' id='word_1_119' title='bbox 590 2936 752 2991; x_wconf 80' lang='lat' dir='ltr'>carentibus</span> 
     </span>
     <span class='ocr_line' id='line_1_31' title="bbox 192 3011 824 3089; baseline -0.003 -18"><span class='ocrx_word' id='word_1_120' title='bbox 192 3055 194 3060; x_wconf 87' lang='lat'>-</span> <span class='ocrx_word' id='word_1_121' title='bbox 252 3014 392 3089; x_wconf 81' lang='lat' dir='ltr'>Privignis</span> <span class='ocrx_word' id='word_1_122' title='bbox 405 3011 507 3069; x_wconf 90' lang='lat' dir='ltr'>mulier</span> <span class='ocrx_word' id='word_1_123' title='bbox 520 3021 658 3085; x_wconf 88' lang='lat' dir='ltr'>temperat</span> <span class='ocrx_word' id='word_1_124' title='bbox 671 3011 824 3081; x_wconf 87' lang='lat' dir='ltr'>innocens;</span> 
     </span>
     <span class='ocr_line' id='line_1_32' title="bbox 326 3087 774 3164; baseline -0.007 -17"><span class='ocrx_word' id='word_1_125' title='bbox 326 3153 331 3162; x_wconf 67' lang='lat'>,</span> <span class='ocrx_word' id='word_1_126' title='bbox 410 3089 476 3147; x_wconf 83' lang='lat' dir='ltr'>Neo</span> <span class='ocrx_word' id='word_1_127' title='bbox 489 3089 584 3146; x_wconf 82' lang='lat' dir='ltr'>dotata</span> <span class='ocrx_word' id='word_1_128' title='bbox 598 3087 671 3164; x_wconf 86' lang='lat' dir='ltr'>regit</span> <span class='ocrx_word' id='word_1_129' title='bbox 683 3089 774 3144; x_wconf 83' lang='lat' dir='ltr'>virum</span> 
     </span>
     <span class='ocr_line' id='line_1_33' title="bbox 251 3167 778 3244; baseline -0.008 -17"><span class='ocrx_word' id='word_1_130' title='bbox 251 3169 374 3244; x_wconf 83' lang='lat' dir='ltr'>Conjux,</span> <span class='ocrx_word' id='word_1_131' title='bbox 388 3188 443 3226; x_wconf 89' lang='lat' dir='ltr'>neo</span> <span class='ocrx_word' id='word_1_132' title='bbox 456 3168 546 3226; x_wconf 89' lang='lat' dir='ltr'>nitido</span> <span class='ocrx_word' id='word_1_133' title='bbox 558 3167 621 3224; x_wconf 87' lang='lat' dir='ltr'>fidit</span> <span class='ocrx_word' id='word_1_134' title='bbox 633 3167 778 3224; x_wconf 87' lang='lat' dir='ltr'>adultero:</span> 
     </span>
     <span class='ocr_line' id='line_1_34' title="bbox 409 3245 815 3322; baseline -0.005 -18"><span class='ocrx_word' id='word_1_135' title='bbox 409 3246 469 3304; x_wconf 90' lang='lat' dir='ltr'>Dos</span> <span class='ocrx_word' id='word_1_136' title='bbox 482 3257 525 3303; x_wconf 88' lang='lat' dir='ltr'>est</span> <span class='ocrx_word' id='word_1_137' title='bbox 538 3264 643 3322; x_wconf 80' lang='lat' dir='ltr'>magna</span> <span class='ocrx_word' id='word_1_138' title='bbox 654 3245 815 3321; x_wconf 89' lang='lat' dir='ltr'>parentium</span> 
     </span>
     <span class='ocr_line' id='line_1_35' title="bbox 259 3323 744 3397; baseline -0.004 -15"><span class='ocrx_word' id='word_1_139' title='bbox 259 3324 366 3397; x_wconf 88' lang='lat' dir='ltr'>Virtus,</span> <span class='ocrx_word' id='word_1_140' title='bbox 380 3335 410 3382; x_wconf 90' lang='lat' dir='ltr'>et</span> <span class='ocrx_word' id='word_1_141' title='bbox 422 3335 552 3383; x_wconf 87' lang='lat' dir='ltr'>metuens</span> <span class='ocrx_word' id='word_1_142' title='bbox 566 3324 680 3382; x_wconf 86' lang='lat' dir='ltr'>alterius</span> <span class='ocrx_word' id='word_1_143' title='bbox 693 3323 744 3380; x_wconf 85' lang='lat' dir='ltr'>vlri</span> 
     </span>
     <span class='ocr_line' id='line_1_36' title="bbox 408 3402 751 3474; baseline -0.006 -13"><span class='ocrx_word' id='word_1_144' title='bbox 408 3403 494 3461; x_wconf 89' lang='lat' dir='ltr'>Certo</span> <span class='ocrx_word' id='word_1_145' title='bbox 508 3403 613 3460; x_wconf 85' lang='lat' dir='ltr'>foedere</span> <span class='ocrx_word' id='word_1_146' title='bbox 627 3402 751 3474; x_wconf 88' lang='lat' dir='ltr'>castitas,</span> 
     </span>
     <span class='ocr_line' id='line_1_37' title="bbox 251 3479 834 3557; baseline 0 -21"><span class='ocrx_word' id='word_1_147' title='bbox 251 3479 289 3537; x_wconf 91' lang='lat' dir='ltr'>Et</span> <span class='ocrx_word' id='word_1_148' title='bbox 301 3499 421 3557; x_wconf 84' lang='lat' dir='ltr'>peccare</span> <span class='ocrx_word' id='word_1_149' title='bbox 436 3481 525 3552; x_wconf 86' lang='lat' dir='ltr'>nefas,</span> <span class='ocrx_word' id='word_1_150' title='bbox 540 3491 588 3538; x_wconf 88' lang='lat' dir='ltr'>ant</span> <span class='ocrx_word' id='word_1_151' title='bbox 601 3480 723 3556; x_wconf 89' lang='lat' dir='ltr'>pretium</span> <span class='ocrx_word' id='word_1_152' title='bbox 736 3480 834 3537; x_wconf 78' lang='lat' dir='ltr'>emori,</span> 
     </span>
     <span class='ocr_line' id='line_1_38' title="bbox 407 3558 775 3635; baseline -0.005 -19"><span class='ocrx_word' id='word_1_153' title='bbox 407 3559 436 3616; x_wconf 92' lang='lat'>0</span> <span class='ocrx_word' id='word_1_154' title='bbox 449 3559 574 3635; x_wconf 89' lang='lat' dir='ltr'>quisquis</span> <span class='ocrx_word' id='word_1_155' title='bbox 587 3558 664 3623; x_wconf 84' lang='lat' dir='ltr'>volet</span> <span class='ocrx_word' id='word_1_156' title='bbox 675 3558 775 3632; x_wconf 88' lang='lat' dir='ltr'>impias</span> 
     </span>
     <span class='ocr_line' id='line_1_39' title="bbox 250 3636 781 3707; baseline -0.002 -15"><span class='ocrx_word' id='word_1_157' title='bbox 250 3636 362 3706; x_wconf 84' lang='lat' dir='ltr'>Caedes,</span> <span class='ocrx_word' id='word_1_158' title='bbox 377 3646 406 3694; x_wconf 91' lang='lat' dir='ltr'>et</span> <span class='ocrx_word' id='word_1_159' title='bbox 419 3639 525 3695; x_wconf 88' lang='lat' dir='ltr'>rabiem</span> <span class='ocrx_word' id='word_1_160' title='bbox 539 3637 638 3695; x_wconf 89' lang='lat' dir='ltr'>tollere</span> <span class='ocrx_word' id='word_1_161' title='bbox 652 3637 781 3707; x_wconf 87' lang='lat' dir='ltr'>civicam,</span> 
     </span>
     <span class='ocr_line' id='line_1_40' title="bbox 410 3713 777 3790; baseline -0.011 -18"><span class='ocrx_word' id='word_1_162' title='bbox 410 3715 442 3772; x_wconf 80' lang='lat' dir='ltr'>Si</span> <span class='ocrx_word' id='word_1_163' title='bbox 454 3725 560 3790; x_wconf 82' lang='lat' dir='ltr'>quaeret</span> <span class='ocrx_word' id='word_1_164' title='bbox 572 3725 651 3790; x_wconf 86' lang='lat' dir='ltr'>pater</span> <span class='ocrx_word' id='word_1_165' title='bbox 664 3713 777 3770; x_wconf 91' lang='lat' dir='ltr'>urbium</span> 
     </span>
    </p>
   </div>
   <div class='ocr_carea' id='block_1_6' title="bbox 238 3785 817 3926">
    <p class='ocr_par' dir='ltr' id='par_1_6' title="bbox 238 3785 817 3926">
     <span class='ocr_line' id='line_1_41' title="bbox 238 3785 817 3926; baseline 0.002 -78"><span class='ocrx_word' id='word_1_166' title='bbox 238 3785 521 3926; x_wconf 56' lang='lat' dir='ltr'>&#39;Subscripiptatuis</span> <span class='ocrx_word' id='word_1_167' title='bbox 535 3793 700 3850; x_wconf 88' lang='lat' dir='ltr'>indomitam</span> <span class='ocrx_word' id='word_1_168' title='bbox 714 3792 817 3849; x_wconf 88' lang='lat' dir='ltr'>audeat</span> 
     </span>
    </p>
   </div>
   <div class='ocr_carea' id='block_1_7' title="bbox 0 0 1280 4225">
    <p class='ocr_par' dir='ltr' id='par_1_7' title="bbox 0 0 1280 4225">
     <span class='ocr_line' id='line_1_42' title="bbox 0 0 1280 4225; baseline 0 2"><span class='ocrx_word' id='word_1_169' title='bbox 0 0 1280 4225; x_wconf 95' lang='lat' dir='ltr'> </span> 
     </span>
    </p>
   </div>
  </div>
 </body>
</html>
