2550 4225
14 329 23 365 ,
154 294 203 357 m
414 356 421 369 ἱ
485 292 517 351 o.
534 275 680 343 nomrrr
695 286 818 340 rmccr

203 431 355 506 Sisyphus:
377 432 454 487 hunc
467 432 585 501 Varum,
596 431 720 488 distortis
731 428 879 496 cruribus3
899 426 978 485 illum

203 506 329 565 Balbutit
342 508 491 578 Scaurum,
505 508 598 581 proris
612 508 713 564 fultum
725 502 800 561 meld
813 504 886 560 talis.

202 582 320 641 Parcids
333 584 379 639 hio
394 584 477 641 vivitl
497 584 571 659 frugi
585 584 711 639 dicatur:
731 583 844 655 ineptus

202 660 239 716 Et
250 660 398 735 jactantior
412 661 459 715 hic
472 658 556 734 pauld
571 660 633 719 esti
653 659 811 716 concinnus
823 652 923 712 amicis

202 736 327 793 Postulat
340 748 371 793 ut
384 737 528 792 videatur:
549 746 633 793 otest
646 734 838 802 truculentior,
851 742 934 805 atque

202 810 271 869 Plus
285 830 364 886 aequo
376 812 465 869 liberl
486 813 603 887 simplex
617 810 748 883 fortisque
761 809 905 865 habeatur.

203 889 317 946 Caldior
330 890 394 945 esti
415 908 494 945 acres
508 890 580 945 inter
593 896 771 944 numeretur:
791 885 899 959 opinor,

203 966 275 1021 Haec
288 985 333 1022 res
347 976 375 1021 et
386 965 488 1039 jungit,
499 965 613 1039 junctos
626 973 655 1018 et
667 972 759 1019 servet
771 962 885 1017 amicos.

203 1043 243 1098 At
256 1062 307 1099 nos
321 1042 435 1097 virtutes
447 1042 520 1115 ipsas
533 1039 706 1108 invertimus,
719 1048 802 1112 atque

202 1120 351 1175 Sincerum
365 1117 494 1191 cupimus
508 1135 555 1171 vos
569 1117 733 1172 incrustare.
768 1114 876 1172 Probus
888 1114 951 1187 quis

201 1194 358 1251 Nobiscum
371 1193 453 1261 vivit3
474 1190 594 1248 multrlm
608 1201 651 1247 est
664 1191 804 1247 demissus
815 1191 915 1247 homo:
936 1189 976 1246 illi

201 1270 298 1327 Tardo
311 1288 467 1343 cognomen
481 1266 579 1343 pingui
594 1268 709 1323 damus:
730 1267 778 1324 hic
791 1266 863 1341 fugit
874 1284 974 1323 omnes

200 1335 331 1416 Insidias,
345 1344 469 1420 nullique
482 1346 555 1404 malo
568 1344 641 1401 latus
653 1344 731 1401 obdit
744 1354 880 1417 apertum,

199 1422 300 1482 Quum
313 1440 404 1496 genus
417 1423 470 1478 hoo
485 1423 557 1478 inter
570 1422 633 1477 vitre
647 1430 782 1490 versetur,
795 1420 844 1477 ubi
857 1419 932 1477 acris

200 1498 312 1555 invidia
325 1509 407 1572 atque
420 1500 516 1573 vigent
529 1498 577 1554 ubi
591 1497 727 1565 crimina;
748 1516 800 1571 pro
811 1498 885 1553 bene
899 1514 969 1553 sano

201 1576 246 1631 Ac
260 1594 317 1631 non
331 1576 454 1646 incauto,
469 1574 566 1631 lictum
580 1581 758 1648 astutumque
772 1592 912 1632 vocamus.

200 1652 358 1727 Simplicior
372 1652 443 1725 quis,
456 1663 485 1708 et
498 1663 542 1707 est
553 1652 664 1726 qualem
678 1670 723 1707 me
736 1648 812 1726 saepe
825 1650 944 1707 libenter

175 1794 177 1798 .
198 1728 359 1785 Obtulerim
373 1728 433 1797 tibi,
449 1728 602 1799 Maecenas,
617 1739 648 1783 ut
661 1725 732 1784 forte
746 1728 887 1802 legentem

200 1806 260 1863 Aut
272 1804 388 1861 tacitum
402 1804 527 1877 impellat
539 1805 636 1877 quovis
649 1822 777 1860 sermone
788 1806 800 1859 l
820 1810 838 1834 “
850 1803 1004 1861 Molestusl
1096 1811 1099 1815 ’

199 1880 351 1937 Communi
365 1899 450 1935 sensu
463 1877 547 1954 plane
562 1881 668 1949 caret,'’
683 1879 832 1953 inquimus.
866 1880 949 1937 Eheu
961 1882 967 1936 !

198 1956 296 2019 Quam
310 1954 416 2013 temere
431 1958 460 2013 in
474 1968 583 2013 nosmet
595 1957 688 2031 legem
701 1956 845 2013 sancimus
859 1957 1000 2031 iniquam!

199 2032 274 2091 Nam
288 2033 361 2089 vitiis
374 2052 457 2089 nemo
471 2035 532 2089 sine
546 2033 690 2091 nascitur:
710 2033 832 2107 optimus
845 2034 892 2089 ille
904 2043 949 2090 est

197 2111 259 2172 Qui
273 2111 398 2168 minimis
412 2121 534 2184 urgetur.
574 2108 695 2167 'Amicus
707 2111 808 2180 dulcis,
819 2122 850 2166 ut
863 2129 975 2184 equum
987 2125 1040 2182 est,

197 2187 297 2247 Quum
312 2207 375 2244 mea
389 2200 552 2261 compenset
565 2187 640 2244 vitiis
653 2188 735 2259 bona,
749 2187 876 2262 pluribus
889 2188 977 2259 hisce,

199 2263 231 2320 si
245 2262 328 2321 modb
342 2265 422 2340 plura
435 2265 505 2321 mihi
519 2266 593 2322 bona
605 2276 681 2336 sunt,
696 2265 830 2322 inclinet:
851 2265 937 2322 amari

200 2341 231 2397 Si
245 2342 318 2398 volet
332 2343 386 2398 hac
400 2342 474 2416 lege,
488 2343 517 2399 in
532 2342 638 2400 trutinis
652 2353 771 2418 ponetur
783 2343 893 2399 eidem.

198 2417 259 2478 Qui
273 2438 309 2474 ne
323 2420 468 2476 tuberibus
480 2421 599 2496 propriis
611 2420 736 2478 offendat
749 2419 874 2486 amicum

198 2494 333 2566 Postulat,
348 2497 475 2570 ignoscet
489 2498 611 2556 verrucis
625 2497 701 2553 illius
710 2516 716 2553 :
726 2516 849 2571 equum
861 2508 904 2553 est

198 2570 326 2628 Peccatis
339 2573 448 2630 veniam
463 2585 625 2648 poscentem
640 2573 757 2630 reddere
770 2592 874 2630 rursus.

236 2647 375 2722 Denique,
389 2647 529 2724 quittenus
542 2651 636 2706 excidi
649 2648 762 2724 penitirs
776 2649 873 2706 vitium
888 2650 947 2719 irre,

197 2725 307 2782 Cetera
320 2728 388 2782 item
402 2739 546 2802 nequeunt
559 2727 651 2782 stultis
664 2726 814 2782 haerentia:
835 2743 887 2784 our
900 2744 957 2782 non
1002 2795 1006 2803 ἧ

197 2801 371 2858 Ponderibus
385 2803 558 2876 modulisque
572 2802 630 2858 suis
643 2802 715 2858 ratio
727 2801 823 2874 utitur,
837 2821 872 2858 ac
884 2821 930 2858 res

196 2875 233 2933 Ut
246 2896 362 2952 quaeque
376 2891 428 2950 est,
443 2880 480 2936 ita
494 2879 637 2954 suppliciis
650 2878 754 2935 delicta
767 2881 902 2936 coercet?

196 2953 227 3010 Si
241 2955 302 3028 quis
317 2975 382 3012 eum
395 2974 516 3026 servum,
530 2956 655 3030 patinam
668 2956 716 3030 qui
730 2956 827 3014 tollere
837 2957 933 3032 jussus

196 3031 327 3088 Semesos
340 3034 433 3106 pisces
446 3034 627 3106 tepidumque
640 3033 793 3107 ligurrierit
802 3034 860 3107 jus,

195 3107 230 3164 In
244 3127 328 3165 cruce
341 3111 463 3185 suffigat,
477 3109 610 3166 Labeone
624 3111 748 3166 insanior
762 3111 835 3165 inter

195 3185 285 3242 Sanos
299 3185 417 3242 dicotur.
451 3183 570 3246 Quanto
585 3187 638 3243 hoc
652 3185 783 3242 liniosius
796 3197 879 3258 atque

193 3257 288 3334 Majus
301 3273 448 3335 peccatum
462 3263 519 3319 est!
554 3261 675 3318 Paulirm
687 3262 804 3336 deliquit
817 3263 926 3318 runicus

195 3333 297 3412 (Quod
311 3339 365 3392 nisi
379 3340 529 3410 concedas,
544 3340 666 3396 habeare
676 3338 832 3416 insuavis);
854 3340 974 3396 acerbus

194 3412 298 3484 Odisti,
312 3424 341 3469 et
354 3415 437 3488 logie,
452 3427 482 3472 ut
495 3415 655 3472 Drusonem
669 3415 778 3474 debitor
791 3416 865 3486 aeris,

192 3489 264 3559 Qui,
278 3491 343 3558 nisi,
356 3510 443 3568 quum
457 3492 550 3549 tristes
563 3493 667 3551 misero
679 3493 783 3551 veniere
797 3494 943 3565 Kalendae,

194 3565 358 3624 Mercedem
372 3578 421 3624 aut
433 3588 564 3626 nummos
577 3571 654 3626 unde
668 3571 745 3627 unde
758 3571 884 3641 extricat,
898 3588 1007 3628 amares

181 3638 327 3728 ,Porrecto
337 3645 436 3719 jugulo
451 3646 589 3716 historias,
603 3647 729 3724 captivus
743 3658 784 3717 ut,
797 3647 883 3704 audit.

172 3715 369 3840 ¹ikconrmimrit
383 3721 487 3778 lectum
501 3734 593 3798 potus,
606 3724 740 3782 mensire
752 3724 878 3781 catillum
