2550 4225
460 308 490 363 Q.
509 308 654 358 HORA'I'II
671 310 793 393 mcci

330 446 455 517 Gaudes,
470 449 579 521 apricos
592 461 676 507 necte
689 450 781 522 flores,

368 522 461 579 Necte
475 543 540 583 meo
553 524 661 584 Lamiae
674 546 818 598 coronam,

292 599 412 674 Pimpiei
425 601 532 657 duleis!
554 605 593 660 nil
608 606 669 662 sine
684 616 712 661 te
724 606 781 662 mei

291 677 412 747 Bossunt
425 678 564 736 honores:
586 684 665 738 hunc
677 682 780 738 fidibus
793 685 882 753 novis,
963 742 975 756 ,

331 754 419 810 Hunc
433 754 536 814 lesbio
550 778 660 817 sacrare
674 760 790 833 plectro,

369 831 472 916 Teque¹
483 844 601 909 tuasque
616 838 700 893 decet
712 856 828 894 sorores.

518 1139 601 1196 ODE
615 1140 717 1198 XXII.

525 1276 564 1313 AD
579 1276 718 1314 sontibus.

291 1373 388 1429 Nauis
403 1374 432 1431 in
446 1392 529 1430 usum
542 1374 646 1431 laetitiae
659 1375 773 1449 scyphis

290 1451 430 1525 Pugnare,
445 1451 590 1507 Thracum
602 1462 652 1508 est.
694 1451 800 1509 Tollite
814 1454 962 1512 barbarum

330 1524 451 1600 Morem,
466 1531 713 1603 verecundumque
727 1530 872 1587 Bacchum

367 1607 538 1682 sanguineis
550 1608 695 1681 prohibete
709 1608 784 1664 rixis.

290 1682 366 1739 Vino
379 1696 407 1739 et
421 1686 544 1739 lucernis
559 1684 663 1741 Medus
677 1686 807 1741 acinaces

290 1757 418 1815 Irnmane
431 1759 568 1833 quantirm
581 1761 741 1833 discrepat!
762 1761 884 1835 Impium

328 1836 429 1892 Lenite
443 1838 604 1907 clamorem,
619 1837 738 1907 sodales,

367 1912 405 1969 Et
418 1913 514 1969 cubito
527 1924 670 1970 remanete
683 1933 786 1988 presso.

436 2263 442 2274 .
514 2218 597 2276 ODE
610 2217 740 2275 XXIII..

534 2358 700 2398 ARCHY'I'AS.

213 2466 230 2491 “
238 2460 286 2517 Tu
301 2461 385 2518 maris
398 2471 427 2516 et
440 2472 521 2518 terrae
534 2480 708 2535 numeroque
721 2466 844 2520 carentis
857 2482 951 2524 arente

366 2537 528 2594 Mansuram
542 2540 685 2609 cohibent,
700 2540 835 2612 Archyta,

211 2615 337 2672 Pulveris
350 2615 445 2688 exigui
459 2633 544 2688 prope
558 2616 634 2671 littus
648 2634 732 2689 parva
745 2615 888 2673 Matinum

368 2691 504 2759 Munera3
526 2692 745 2765 necquidquam
758 2694 809 2749 tibi
822 2695 935 2768 prodest

212 2769 315 2825 Aerias
328 2763 452 2825 tehtdsse
466 2770 572 2838 domos,
587 2770 736 2842 animoque
750 2755 920 2827 rotundum⁸

367 2845 542 2902 Percurrisse
555 2846 660 2920 polum,
674 2847 823 2904 morituro!
834 2849 851 2873 ''

222 2923 355 2979 ‘Occidit
368 2933 396 2978 et
410 2923 520 2996 Pelopis
533 2923 653 2997 genitor,
668 2926 787 2982 conviva
800 2926 927 2996 deorum,

365 2999 562 3073 Tithonusque
576 3013 700 3057 remotus
711 3003 740 3057 in
755 3023 846 3073 auras,

211 3076 249 3133 Et
262 3077 340 3133 Jovis
354 3079 463 3133 areanis
478 3077 573 3134 Minos
587 3080 744 3134 admissus:
766 3081 925 3153 habentque

367 3154 487 3212 Tartara
500 3155 688 3225 Panthoiden,
703 3157 803 3211 iterum
816 3155 894 3212 Orco

211 3231 381 3302 Demissum‚
395 3233 530 3305 quamvis,
544 3233 644 3306 clypeo
657 3232 782 3306 Trojana
795 3230 882 3289 refixo

271 3361 277 3371 ,
367 3309 510 3383 Tempora
523 3320 649 3379 testatuS,
663 3310 734 3364 nihil
748 3311 821 3366 ultra

213 3385 322 3442 Nervos
336 3397 418 3459 atque
432 3398 526 3444 cutem
540 3387 621 3442 morti
635 3398 813 3443 concesserat
827 3398 911 3455 atrae;

368 3463 386 3518 J
389 3465 471 3519 udiee
485 3483 539 3533 me,
554 3482 610 3519 non
626 3463 754 3519 sordidus
768 3475 864 3521 auctor

214 3540 331 3597 Naturae
344 3542 464 3614 verique.
506 3541 562 3596 Sed
576 3539 675 3596 ornnes
689 3538 745 3597 una
758 3553 854 3598 manet
866 3563 932 3613 nox,

370 3618 406 3674 Et
420 3619 556 3674 calcanda
569 3619 655 3674 semel
670 3619 714 3674 via
727 3619 783 3675 leti.

215 3695 292 3752 Dant
305 3695 373 3752 alios
387 3695 480 3752 Furia
494 3706 571 3751 torvo
585 3697 746 3770 spectacula
759 3695 861 3754 Marti:

371 3772 465 3830 Exitio
478 3785 521 3830 est
534 3775 645 3830 avidum
660 3792 737 3830 mare
751 3775 861 3832 nautis:
