2550 4225
420 287 822 343 mlmmnuuffl.1.a
1050 296 1107 355 1⁴7

487 503 688 561 EPISTOLA
707 504 749 561 11.

404 672 408 684 ,
522 639 561 676 AD
576 638 705 677 nonnum

167 738 302 797 Troiam
318 736 383 793 belli
396 737 570 810 scriptorem,
583 736 705 793 maxime
719 737 802 809 Lolli,

165 816 243 874 Dum
257 825 288 872 tu
301 813 445 872 declamas
458 812 569 883 Rome,
583 812 726 869 Proeneste
739 815 826 889 relegi
837 836 846 883 ;

164 894 236 963 Qui,
249 892 317 966 quid
327 891 363 947 sit
372 890 532 965 pulchrum,
546 890 613 964 quid
627 902 717 963 turpe,
731 892 798 964 quid
812 892 891 964 utile,
904 896 971 969 quid
985 915 1053 968 non,

166 968 282 1027 Planids
295 987 332 1024 ac
343 965 444 1024 melids
458 967 614 1042 Chrysippo
627 978 656 1023 et
668 968 807 1025 Crantore
820 970 897 1027 dicit.

166 1048 224 1104 Gur
238 1047 277 1102 its
290 1044 467 1113 crediderim,
483 1045 536 1100 nisi
549 1044 616 1118 quid
629 1055 658 1100 te
671 1045 788 1116 detinet,
802 1048 877 1103 andi.
1082 1054 1104 1107 ὁ

202 1122 321 1191 Fabula,
335 1124 390 1195 qud
404 1121 513 1179 Paridis
526 1131 636 1195 propter
649 1132 777 1178 narratur
790 1142 913 1181 amorem

126 1238 130 1245 .
164 1200 276 1259 Graecia
288 1198 422 1255 herberie
435 1198 512 1255 lento
525 1197 620 1254 collisa
634 1198 737 1269 duello,

165 1278 318 1335 Stultorum
332 1292 430 1351 regum
442 1286 472 1332 et
486 1276 651 1351 populorum
665 1276 792 1332 continet
805 1290 897 1335 estus.

164 1356 293 1412 Antenor
307 1363 404 1408 censet
413 1352 479 1409 belli
493 1352 645 1426 precidere
658 1371 782 1408 causam.
1086 1379 1090 1388 s

161 1432 242 1494 Quid
256 1429 358 1486 Purisl
379 1440 409 1485 nt
422 1429 514 1485 salvus
526 1440 625 1503 regnet
638 1430 765 1504 vivatque
779 1432 886 1501 bestris,
1063 1436 1101 1491 m

162 1509 235 1583 (logi
248 1524 330 1582 posse
343 1517 435 1580 negat.
476 1506 581 1561 Nestor
592 1524 761 1579 componere
775 1508 838 1563 lites

163 1587 240 1644 Inter
254 1584 372 1641 Peliden
385 1582 498 1639 festinat
510 1592 539 1638 et
552 1582 624 1639 inter
638 1581 775 1640 Atriden:

162 1664 250 1720 Hunc
263 1680 350 1730 amor,
364 1660 405 1715 ira
418 1658 531 1733 quidem
545 1660 731 1716 communiter
744 1660 800 1717 urit
811 1675 970 1736 unumque.

160 1738 310 1811 Quidquid
323 1736 444 1793 delirant
456 1754 547 1810 reges,
560 1736 722 1810 plectuntur
735 1737 847 1794 Achivi.
1038 1764 1040 1768 ¹

161 1815 316 1886 seditione,
330 1812 410 1884 dolm,
424 1812 540 1883 scelere,
555 1823 637 1886 atque
649 1812 767 1870 libidine
780 1826 809 1871 et
821 1814 875 1885 irs,
1062 1819 1099 1873 15

160 1890 263 1951 Iliacos
276 1892 350 1947 intra
362 1906 456 1947 muros
468 1900 602 1965 peccetur
615 1900 645 1945 et
656 1900 741 1946 extra.
901 1916 905 1923 ‚

199 1970 321 2038 Rursus,
334 1967 401 2040 quid
414 1966 507 2022 virtus
515 1976 545 2022 et
557 1966 624 2041 quid
638 1967 776 2041 sapientia
787 1970 883 2042 possit,

160 2046 234 2105 Utile
248 2044 390 2120 proposuit
402 2043 484 2099 nobis
494 2044 637 2119 exemplar
650 2042 795 2118 Ulyssem
850 2086 856 2091 »

159 2125 230 2195 Qui,
244 2121 363 2178 domitur
376 2119 481 2194 TmJae,
496 2121 647 2177 multorum
660 2122 792 2196 providus
805 2118 905 2180 urbes'

161 2199 198 2258 Et
210 2217 304 2256 mores
317 2197 462 2254 hominum
475 2197 612 2270 inspexit3
633 2196 775 2271 latumque
788 2218 838 2272 per
851 2217 955 2272 sequor,
1056 2201 1097 2256 2⁰

159 2277 237 2334 Dum
251 2275 313 2346 sibi,
321 2275 392 2329 dum
400 2273 487 2328 ¹sociis
500 2272 620 2327 reditum
631 2283 723 2344 ¹parat,
736 2291 834 2346 aspere
847 2275 937 2331 multa

157 2351 286 2421 Pertulit,
301 2349 422 2408 adversis
435 2365 529 2404 rerum
543 2347 737 2403 immersabilis
750 2349 842 2404 undis.

159 2430 292 2487 Sirenum
306 2445 389 2482 voces
400 2437 430 2482 et
444 2425 536 2481 Gircae
549 2423 651 2497 poculo
665 2422 755 2491 ndsti3

157 2505 233 2566 Qua
247 2503 271 2560 si
284 2521 351 2559 cum
364 2502 448 2558 sociis
460 2501 564 2558 stultus
577 2500 750 2574 cupidusque
764 2500 888 2570 bibisset,

158 2582 219 2638 Sub
232 2579 347 2636 domini
360 2579 509 2636 meretrice
521 2577 618 2634 luisset
630 2577 718 2651 turpis
730 2586 761 2633 et
772 2595 880 2646 excors,
967 2613 974 2622 -
1054 2580 1095 2636 25

158 2658 282 2715 Vixisset
294 2656 375 2713 cenis
385 2656 559 2726 immundus,
574 2654 616 2710 vel
631 2654 722 2710 amica
734 2653 859 2711 lutosus.

149 2744 156 2755 ·
195 2733 258 2791 Nos
272 2751 406 2790 numerus
419 2750 525 2802 sumus,
539 2741 568 2788 et
581 2733 675 2806 fruges
688 2749 853 2788 consumere
866 2731 936 2801 nati,

147 2811 260 2886 'lponsi
274 2809 431 2883 Penelopae,
445 2810 609 2878 nebulones,
625 2810 793 2882 Alcinoique

157 2887 191 2944 ln
202 2899 268 2944 cute
281 2886 406 2942 curandi
420 2886 483 2958 plus
497 2904 574 2956 aequo
586 2896 700 2956 operate
710 2886 859 2958 juventus3

157 2964 212 3020 Oui
225 2963 374 3039 pulchrum
389 2961 441 3016 suit
453 2961 482 3016 in
497 2960 604 3015 medios
618 2962 739 3015 dormire
753 2961 822 3030 dies,
836 2973 865 3016 et
1050 2962 1093 3020 30

157 3041 362 3114 Ad'strepitum
377 3037 491 3092 cithares
504 3033 645 3092 cessatum
657 3037 762 3092 ducere
776 3054 881 3092 curam.

156 3117 194 3174 Ut
204 3117 335 3190 jugulent
349 3115 636 3187 hominem„surgunt
650 3115 685 3169 de
699 3124 781 3169 nocte
794 3113 916 3170 latrones
928 3134 935 3170 :

155 3193 193 3253 Ut
205 3193 327 3267 teipsum
341 3209 442 3263 serveS,
457 3211 514 3248 non
528 3190 749 3266 expergiscerisl
770 3190 858 3264 Atqui

156 3270 187 3326 Si
200 3269 280 3327 noles
294 3287 388 3338 senus,
403 3287 499 3326 curres
513 3269 698 3342 hydropicus:
719 3279 757 3338 et,
771 3268 800 3322 ni

154 3346 259 3404 Pcsces
273 3357 338 3402 ante
352 3347 427 3402 diem
440 3347 542 3404 librum
554 3364 619 3401 cum
632 3345 749 3415 lumine,
763 3343 786 3400 si
800 3363 857 3401 non
1049 3341 1091 3404 85

155 3423 292 3481 Intendes
301 3424 429 3480 -animum
443 3423 542 3478 studiis
556 3433 584 3478 et
596 3424 680 3478 rebus
694 3422 817 3478 honestis
825 3441 832 3489 ;

154 3499 265 3558 Invidia
279 3501 322 3558 vel
336 3519 430 3558 amore
444 3500 509 3574 vigil
523 3501 695 3572 torquebere.
736 3499 812 3554 Nem
824 3517 886 3568 cur,

152 3578 228 3638 Quae
242 3579 349 3635 laedunt
358 3577 482 3648 oculum,
498 3577 613 3633 lestines
627 3578 757 3643 demere;
778 3576 801 3630 si
815 3575 882 3649 quid

153 3654 354 3724 Parteniorum,
369 3653 464 3710 differs
478 3655 595 3710 curandi
609 3665 719 3726 ternpus
732 3653 762 3708 in
776 3655 903 3712 annum?

153 3731 309 3791 Dimidium
324 3733 400 3802 sacti,
413 3731 459 3807 qui
475 3733 568 3808 coepit,
583 3731 686 3790 habet:
705 3748 802 3807 sapere
815 3731 908 3798 eude;
