2550 4225
495 304 632 353 saeuos
649 291 759 353 niusa

552 518 705 578 ODEXI.

440 653 479 691 au
500 654 639 693 roruuuu
659 616 818 693 nouauuui

222 754 347 809 Aurana
357 750 416 825 jam
430 751 528 807 teritur
541 750 621 807 bellis
635 750 765 806 civilibus
780 760 856 820 etas,

259 828 324 885 Suis
336 838 366 885 et
380 828 440 902 ipsa
454 827 549 883 Roma
563 828 668 882 viribus
681 827 754 882 ruit:

217 905 314 967 Quam
328 922 421 977 neque
434 904 545 959 finitimi
560 902 708 959 valuerunt
720 903 839 977 perdere
853 900 952 972 Marsi,

258 982 381 1039 Minacis
395 992 443 1037 aut
456 980 578 1036 Etrusca
590 979 721 1037 Porsenae
734 997 845 1049 manus,

221 1059 336 1117 AEmula
348 1076 403 1114 nec
417 1056 504 1113 virtus
517 1056 633 1129 Capua,
648 1074 702 1112 neo
720 1058 873 1130 Spartacus
886 1072 962 1123 acer,
1098 1060 1119 1110 5

257 1136 401 1207 Novisque
414 1134 500 1190 rebus
514 1132 635 1189 infidelis
649 1132 794 1202 Alchrox,
954 1145 957 1151 '

219 1212 282 1270 Nec
296 1213 355 1269 sera
368 1208 491 1267 coeruled
503 1210 612 1267 domuit
625 1210 779 1265 Germania
793 1210 878 1283 pube,

256 1287 479 1361 Parentibusque
493 1286 671 1343 abominatus
684 1285 846 1342 Hannibal:

218 1367 262 1423 Im
282 1366 310 1423 ia
322 1364 473 1440 perdemus
487 1364 579 1420 devoti
593 1363 740 1437 sanguinis
753 1373 829 1431 atas,

257 1385 393 1516 larisque
407 1459 501 1497 rursus
515 1440 698 1513 occupabitur
712 1439 812 1494 solnm.
1080 1441 1117 1493 1⁰

218 1520 369 1589 Barbarus,
383 1518 455 1573 heu!
477 1517 588 1573 cineres
602 1517 714 1571 insistet
725 1516 824 1584 victor,
837 1523 867 1568 et
880 1513 986 1570 Urbem

160 1612 166 1621 “
256 1596 350 1671 Eques
364 1604 483 1651 sonante
496 1592 654 1648 verberabit
666 1591 789 1665 anguli:

217 1674 347 1747 Quaeque
361 1681 460 1727 carent
474 1669 564 1725 ventis
577 1679 606 1725 et
619 1668 736 1737 solibus,
748 1686 813 1723 ossa
824 1665 952 1733 Quirini,

180 1772 183 1781 ·
257 1749 347 1806 Nefas
362 1748 472 1804 viuere!
487 1726 641 1821 *dissipabit
655 1744 786 1801 inserens.

219 1824 315 1896 Forte,
328 1826 396 1899 quid
410 1823 550 1898 expediat,
564 1823 761 1892 communiter,
775 1832 825 1877 aut
838 1822 937 1878 melior
950 1838 1024 1894 pars,
1079 1823 1116 1875 15

259 1902 344 1959 Malis
357 1920 453 1958 carere
467 1899 590 1974 quaeritis
604 1900 754 1970 laboribus
1124 1907 1128 1915 '

220 1978 307 2037 Nulla
320 1978 355 2036 sit
368 1980 422 2034 hac
436 1979 525 2053 potior
539 1977 694 2034 sententia:
715 1976 899 2033 Phocaeorum

257 2056 346 2116 Velut
358 2055 480 2131 profugit
493 2064 637 2112 exsecrata
650 2054 757 2126 civitas,
1002 2083 1005 2088 ·

219 2137 313 2211 Agros
327 2144 410 2206 atque
423 2133 509 2188 Lares
521 2133 656 2208 proprios,
670 2132 879 2206 habitandaque
892 2130 957 2187 iana

258 2211 345 2286 Apris
358 2207 470 2283 reliquit
483 2220 512 2266 et
525 2210 674 2284 rapacibus
687 2210 777 2284 lupis;
1078 2209 1117 2263 2⁰

220 2287 266 2346 lre
279 2288 366 2364 pedes
379 2305 546 2360 quocunque
560 2287 662 2355 serent,
675 2304 845 2359 quocunqne
858 2304 908 2360 per
922 2284 1015 2340 undas

259 2363 351 2422 Notus
365 2364 475 2420 vocabit
487 2373 536 2418 aut
549 2371 696 2438 proturvus
710 2362 847 2494 Africusff)

220 2443 271 2500 Sic
284 2441 396 2516 placetl
417 2459 453 2497 an
468 2436 570 2496 melius
584 2439 647 2512 quis
660 2439 746 2495 habet
759 2456 811 2495 sua
830 2441 898 2495 erel
908 2437 1044 2505 secunda

258 2519 363 2576 Ratsm
376 2535 516 2592 occupare
529 2516 596 2590 quid
610 2534 752 2574 moramur
766 2517 851 2573 alitel

218 2597 277 2653 Sed
288 2596 416 2669 juremus
429 2595 459 2651 in
473 2595 550 2650 haec:
573 2593 693 2650 “Simul
708 2594 772 2650 imis
785 2612 852 2650 saxa
864 2591 991 2648 renarint
1078 2591 1117 2644 25

265 2673 355 2729 Vadis
368 2672 469 2742 levata,
484 2690 522 2728 na
534 2673 626 2729 redire
641 2673 677 2730 sit
690 2671 786 2729 nefas:

220 2749 286 2807 Neu
299 2767 435 2806 conversa
448 2749 563 2807 domum
576 2751 672 2827 pigeat
685 2751 753 2808 dare
766 2749 863 2819 lintea,
876 2746 989 2821 quando

258 2828 352 2884 Padus
366 2825 477 2882 Matina
490 2827 587 2885 laverit
600 2827 766 2896 cacumina3

220 2904 255 2962 ln
268 2923 345 2961 mare
359 2922 410 2960 seu
423 2903 517 2960 celsus
529 2906 698 2979 procurrerit
712 2905 898 2978 Apenninus;
920 2913 924 2921 '
957 2927 961 2934 ·

257 2979 396 3056 Novalque
409 2991 535 3037 monstra
545 2981 671 3056 junxerit
683 2980 800 3041 libidine
907 3007 911 3013 »
1080 2974 1118 3028 30

220 3057 311 3118 Mirus
324 3078 413 3130 amor,
424 3057 502 3134 juvet
516 3069 548 3115 ut
561 3058 647 3132 tigres
660 3057 804 3114 subsidere
818 3055 916 3121 cervis,

259 3137 443 3194 Adulteratur
456 3147 485 3192 et
498 3136 628 3194 columba
642 3134 738 3204 miluo,

220 3215 346 3273 Credula
360 3233 414 3272 nec
428 3233 507 3271 ravos
520 3215 640 3270 timeant
653 3221 779 3270 armenta
792 3210 898 3278 leones,

260 3293 401 3366 duretque
415 3291 489 3348 salsa
501 3291 570 3348 levis
583 3291 680 3346 hircus
693 3287 834 3363 aequora''

222 3367 304 3439 Hac,
318 3381 347 3426 et
360 3387 422 3444 quae
436 3379 567 3443 poterunt
581 3367 688 3424 reditus
702 3365 869 3422 abscindere
883 3361 991 3429 dulces,
1082 3359 1120 3414 35

258 3445 367 3502 Eamus
378 3446 471 3502 omnis
484 3455 630 3502 exsecrata
643 3439 750 3513 civitas,

221 3524 282 3579 Aut
294 3541 359 3598 pars
372 3521 487 3579 indocili
501 3522 600 3580 melior
613 3539 716 3596 grege:
736 3520 829 3587 mollis
841 3529 871 3573 et
883 3535 983 3591 exspes

199 3653 205 3665 ,
259 3598 422 3656 luominata
434 3600 587 3675 perprimat
600 3598 714 3654 cubilia.

220 3675 290 3747 Vos,
303 3677 406 3750 quibus
419 3687 462 3732 est
475 3677 571 3748 virtus
585 3675 752 3732 muliebrem
766 3674 853 3730 tollite
866 3672 984 3741 luctum,

260 3751 382 3810 Etrusca
394 3764 495 3886 preater
509 3763 538 3810 et
551 3753 641 3809 volate
655 3752 756 3811 littora.
1084 3747 1122 3801 4⁰
