2550 4225
492 264 689 312 csuurnuu
706 265 772 329 aru.
788 266 824 313 ιι.

324 402 420 474 Laetus
432 404 463 460 in
476 422 600 479 praesens
613 404 726 461 annuus
738 407 813 478 quod
825 406 905 466 ultr&
912 418 959 467 e!

322 480 424 538 Oderit
436 500 546 553 curare,
559 494 589 539 et
602 500 699 538 amara
710 483 788 541 l‘ento

324 557 479 635 Temperet
491 560 558 617 risu.
599 558 682 615 Nihil
695 570 739 615 est
751 562 788 616 ab
801 564 879 619 omui

517 638 600 694 Parte
615 637 738 693 beatarm.
868 651 876 665 ·

325 714 450 771 Abstulit
463 714 570 771 clarum
584 715 642 769 cita
655 734 731 770 mors
747 716 904 785 Achillem

323 792 422 866 leuga
435 792 594 849 Tithonum
607 792 710 848 minuit
723 804 874 863 senecam

323 870 360 926 Et
373 870 443 925 milri
458 870 561 938 forsan,
575 870 624 925 tibi
638 871 713 943 qued
727 871 849 943 negent,

519 914 648 1021 Pdrriget
660 949 736 1003 hora.

324 1024 370 1083 Te
383 1044 485 1099 greges
498 1035 613 1081 centum
628 1025 829 1099 Siculaque'
803 1044 914 1083 cueum

324 1101 460 1177 Mugiunt
472 1120 585 1170 vacem
606 1102 658 1157 tibi
671 1103 743 1159 tollit
755 1103 900 1159 hinnitum

323 1181 399 1255 Apta
411 1180 554 1256 quadrivia
567 1198 655 1253 equa3
676 1191 704 1237 te
719 1181 762 1237 bis
775 1180 848 1237 Afro

474 1294 475 1299 =
517 1257 629 1313 Murice
643 1259 739 1313 tinctae
933 1261 944 1281 ⁴

323 1335 455 1391 Vestiunt
467 1334 556 1391 lanae:
577 1335 647 1390 mihi
660 1354 746 1409 parva
757 1354 824 1393 rurs
835 1347 866 1393 et

323 1412 459 1486 Spiritum
472 1412 566 1468 Graiae
579 1418 695 1469 tenuem
709 1413 855 1471 Camoenae

322 1489 413 1546 Parce
425 1508 482 1546 non
495 1490 618 1545 mendax
632 1490 720 1556 dedit,
733 1500 763 1544 et
776 1490 931 1564 malignum

519 1566 661 1640 Speruere
674 1566 782 1639 uulgus.

491 1919 494 1927 .
566 1876 651 1933 ODE
663 1878 747 1935 XIV

439 2016 479 2054 An
492 2012 691 2053 uinculum
711 2011 871 2052 munuum.
967 2046 971 2051 .

228 2142 233 2150 ·
323 2112 389 2171 Cen
401 2133 447 2172 me
459 2115 581 2204 querelis
594 2113 741 2198 exanimas
753 2112 832 2168 tuisl

323 2191 387 2282 Nee
400 2191 445 2249 dis
458 2193 582 2248 amicum
595 2201 648 2261 est,
662 2209 719 2246 nec
730 2190 810 2260 mihi,
823 2199 852 2244 te
853 2184 945 2263 priris

256 2268 260 2276 ’
324 2258 460 2339 Obire,
474 2267 629 2337 Maenas,
642 2271 797 2323 mearum-

399 2347 516 2402 Grande
529 2347 619 2401 decus
632 2345 821 2414 columenque
833 2358 937 2398 rerum.

322 2423 391 2480 Ah!
411 2433 440 2480 te
454 2440 525 2478 meae
538 2421 562 2477 si
575 2431 684 2495 partem
698 2420 801 2474 animae
813 2419 886 2494 rapit

323 2499 524 2570 Matutinus,
538 2499 606 2572 quid
620 2515 713 2554 morer
726 2496 824 2567 altera,

361 2577 427 2634 Nec
440 2573 628 2650 carneaeque,
643 2593 700 2631 nec
712 2583 854 2650 superstes

399 2656 534 2732 Integerl
554 2654 607 2712 Ille
620 2654 683 2710 dies
695 2664 843 2728 utramque

322 2735 416 2791 Dueet
429 2736 549 2791 ruinam.
589 2733 619 2789 N
622 2753 660 2790 on
673 2751 727 2808 ego
739 2732 879 2807 perfidum

322 2812 387 2868 Dixi
401 2821 626 2868 sacramentum:
647 2811 761 2881 ibimus,
774 2809 888 2880 ibimus,

362 2889 513 2963 Utcunque
528 2890 682 2961 precedes,
695 2905 860 2962 supremum

399 2966 524 3039 Carpere
539 2964 590 3019 iter
603 2966 722 3020 comites
735 2966 833 3037 parati.

322 3044 371 3100 Me
386 3061 440 3100 nee
453 3042 604 3098 Chimaerae
618 3039 732 3114 spiritus
744 3041 846 3114 ignee,

323 3122 396 3193 Nec,
410 3122 434 3177 si
448 3130 576 3194 resurgat
588 3118 770 3194 centimanus
782 3117 888 3191 Gyges,

361 3197 483 3255 Divellet
496 3215 636 3271 uuquam:
657 3197 700 3252 sic
713 3194 821 3270 potenti

399 3275 417 3335 J
420 3275 521 3334 ustitiae
535 3275 725 3349 placitumque
739 3273 844 3329 Parcis
956 3322 960 3332 ,

323 3355 382 3412 Seu
395 3353 491 3424 Libra,
505 3371 556 3409 seu
569 3370 616 3408 me
630 3351 766 3424 Scorpius
778 3351 880 3425 aspicit

323 3429 543 3501 Formidolosus‚
558 3448 621 3504 pars
635 3427 782 3484 violentior
888 3459 891 3462 ⁴

361 3508 472 3566 Natalis
485 3511 571 3577 here,
586 3524 637 3564 seu
651 3517 786 3580 tyrannus

401 3586 549 3661 Hesperie
562 3585 754 3659 Capricornus
766 3584 866 3652 undae3

323 3664 479 3738 Utrumque
492 3661 619 3720 nostruin
634 3661 792 3719 incredibili
805 3662 890 3718 modo
936 3663 940 3671 “

324 3742 474 3798 Consentit
484 3753 598 3802 astrum.
640 3740 686 3796 Te
699 3739 777 3796 toris
790 3739 878 3814 impio
929 3788 933 3793 ,
