<?xml version="1.0" encoding="UTF-8"?>
<!DOCTYPE html PUBLIC "-//W3C//DTD XHTML 1.0 Transitional//EN"
    "http://www.w3.org/TR/xhtml1/DTD/xhtml1-transitional.dtd">
<html xmlns="http://www.w3.org/1999/xhtml" xml:lang="en" lang="en">
 <head>
  <title>
</title>
<meta http-equiv="Content-Type" content="text/html;charset=utf-8" />
  <meta name='ocr-system' content='tesseract 3.04.00' />
  <meta name='ocr-capabilities' content='ocr_page ocr_carea ocr_par ocr_line ocrx_word'/>
</head>
<body>
  <div class='ocr_page' id='page_1' title='image "./quintihoratiifl02goulgoog_0069.png"; bbox 0 0 2550 4225; ppageno 0'>
   <div class='ocr_carea' id='block_1_1' title="bbox 462 252 802 335">
    <p class='ocr_par' dir='ltr' id='par_1_1' title="bbox 462 252 802 335">
     <span class='ocr_line' id='line_1_1' title="bbox 462 252 802 335; baseline -0.026 -21"><span class='ocrx_word' id='word_1_1' title='bbox 462 256 495 314; x_wconf 77' lang='lat' dir='ltr'><strong>e.</strong></span> <span class='ocrx_word' id='word_1_2' title='bbox 513 256 660 307; x_wconf 76' lang='lat' dir='ltr'><strong>noman</strong></span> <span class='ocrx_word' id='word_1_3' title='bbox 676 252 802 335; x_wconf 73' lang='lat' dir='ltr'><strong>smecr</strong></span> 
     </span>
    </p>
   </div>
   <div class='ocr_carea' id='block_1_2' title="bbox 297 398 1011 1019">
    <p class='ocr_par' dir='ltr' id='par_1_2' title="bbox 297 398 931 554">
     <span class='ocr_line' id='line_1_2' title="bbox 458 398 849 457; baseline 0.005 -2"><span class='ocrx_word' id='word_1_4' title='bbox 458 398 521 457; x_wconf 87' lang='lat' dir='ltr'><strong>Nos</strong></span> <span class='ocrx_word' id='word_1_5' title='bbox 533 400 712 457; x_wconf 87' lang='lat' dir='ltr'><strong>cantabimus</strong></span> <span class='ocrx_word' id='word_1_6' title='bbox 724 399 849 457; x_wconf 80' lang='lat' dir='ltr'><strong>invicem</strong></span> 
     </span>
     <span class='ocr_line' id='line_1_3' title="bbox 297 477 931 554; baseline -0.003 -19"><span class='ocrx_word' id='word_1_7' title='bbox 297 478 476 554; x_wconf 79' lang='lat' dir='ltr'><strong>Neptunum,</strong></span> <span class='ocrx_word' id='word_1_8' title='bbox 485 489 514 534; x_wconf 88' lang='lat' dir='ltr'><strong>et</strong></span> <span class='ocrx_word' id='word_1_9' title='bbox 527 478 629 536; x_wconf 87' lang='lat' dir='ltr'><strong>virides</strong></span> <span class='ocrx_word' id='word_1_10' title='bbox 644 477 803 535; x_wconf 81' lang='lat' dir='ltr'><strong>Nereidum</strong></span> <span class='ocrx_word' id='word_1_11' title='bbox 816 494 931 535; x_wconf 67' lang='lat' dir='ltr'><strong>comm:</strong></span> 
     </span>
    </p>

    <p class='ocr_par' dir='ltr' id='par_1_3' title="bbox 298 552 1011 709">
     <span class='ocr_line' id='line_1_4' title="bbox 455 552 1011 629; baseline 0.004 -20"><span class='ocrx_word' id='word_1_12' title='bbox 455 552 505 611; x_wconf 90' lang='lat' dir='ltr'><strong>Tu</strong></span> <span class='ocrx_word' id='word_1_13' title='bbox 518 556 606 612; x_wconf 77' lang='lat' dir='ltr'><strong>curvi</strong></span> <span class='ocrx_word' id='word_1_14' title='bbox 618 556 731 612; x_wconf 77' lang='lat' dir='ltr'>recines</span> <span class='ocrx_word' id='word_1_15' title='bbox 743 555 804 629; x_wconf 73' lang='lat' dir='ltr'><strong>lyri</strong></span> <span class='ocrx_word' id='word_1_16' title='bbox 1007 564 1011 569; x_wconf 90' lang='grc'><strong><em>’</em></strong></span> 
     </span>
     <span class='ocr_line' id='line_1_5' title="bbox 298 633 887 709; baseline -0.005 -17"><span class='ocrx_word' id='word_1_17' title='bbox 298 634 448 704; x_wconf 82' lang='lat' dir='ltr'><strong>Latonam,</strong></span> <span class='ocrx_word' id='word_1_18' title='bbox 462 642 491 689; x_wconf 90' lang='lat' dir='ltr'><strong>et</strong></span> <span class='ocrx_word' id='word_1_19' title='bbox 505 633 605 691; x_wconf 88' lang='lat' dir='ltr'><strong>celeris</strong></span> <span class='ocrx_word' id='word_1_20' title='bbox 618 634 728 709; x_wconf 90' lang='lat' dir='ltr'><strong>spicula</strong></span> <span class='ocrx_word' id='word_1_21' title='bbox 738 633 887 707; x_wconf 70' lang='lat' dir='ltr'><strong>Cynthiae:</strong></span> 
     </span>
    </p>

    <p class='ocr_par' dir='ltr' id='par_1_4' title="bbox 300 709 941 865">
     <span class='ocr_line' id='line_1_6' title="bbox 456 709 934 784; baseline 0.006 -18"><span class='ocrx_word' id='word_1_22' title='bbox 456 711 577 769; x_wconf 84' lang='lat' dir='ltr'><strong>Summo</strong></span> <span class='ocrx_word' id='word_1_23' title='bbox 590 712 727 782; x_wconf 89' lang='lat' dir='ltr'><strong>carmine,</strong></span> <span class='ocrx_word' id='word_1_24' title='bbox 741 728 804 784; x_wconf 77' lang='lat' dir='ltr'><strong>quar</strong></span> <span class='ocrx_word' id='word_1_25' title='bbox 818 709 934 769; x_wconf 85' lang='lat' dir='ltr'><strong>Cnidon</strong></span> 
     </span>
     <span class='ocr_line' id='line_1_7' title="bbox 300 788 941 865; baseline -0.002 -18"><span class='ocrx_word' id='word_1_26' title='bbox 300 789 511 865; x_wconf 73' lang='lat' dir='ltr'><strong>Fulgentesque</strong></span> <span class='ocrx_word' id='word_1_27' title='bbox 524 800 603 846; x_wconf 90' lang='lat' dir='ltr'><strong>tenet</strong></span> <span class='ocrx_word' id='word_1_28' title='bbox 616 789 768 864; x_wconf 61' lang='lat' dir='ltr'><strong>Cycladas,</strong></span> <span class='ocrx_word' id='word_1_29' title='bbox 781 800 811 845; x_wconf 90' lang='lat' dir='ltr'><strong>et</strong></span> <span class='ocrx_word' id='word_1_30' title='bbox 823 788 941 863; x_wconf 84' lang='lat' dir='ltr'><strong>Paphon</strong></span> 
     </span>
    </p>

    <p class='ocr_par' dir='ltr' id='par_1_5' title="bbox 300 866 872 1019">
     <span class='ocr_line' id='line_1_8' title="bbox 457 866 872 925; baseline 0.002 -3"><span class='ocrx_word' id='word_1_31' title='bbox 457 866 476 921; x_wconf 86' lang='lat' dir='ltr'>J</span> <span class='ocrx_word' id='word_1_32' title='bbox 477 867 572 924; x_wconf 83' lang='lat' dir='ltr'><strong>unctis</strong></span> <span class='ocrx_word' id='word_1_33' title='bbox 585 868 650 924; x_wconf 82' lang='lat' dir='ltr'><strong>visit</strong></span> <span class='ocrx_word' id='word_1_34' title='bbox 661 867 804 925; x_wconf 90' lang='lat' dir='ltr'><strong>oloribus:</strong></span> <span class='ocrx_word' id='word_1_35' title='bbox 868 888 872 897; x_wconf 67' lang='lat'><strong><em>¹</em></strong></span> 
     </span>
     <span class='ocr_line' id='line_1_9' title="bbox 300 944 850 1019; baseline -0.004 -16"><span class='ocrx_word' id='word_1_36' title='bbox 300 945 419 1003; x_wconf 79' lang='lat' dir='ltr'><strong>Dicetur</strong></span> <span class='ocrx_word' id='word_1_37' title='bbox 433 944 534 1001; x_wconf 75' lang='lat' dir='ltr'><strong>meriti</strong></span> <span class='ocrx_word' id='word_1_38' title='bbox 548 944 615 1002; x_wconf 84' lang='lat' dir='ltr'><strong>Nox</strong></span> <span class='ocrx_word' id='word_1_39' title='bbox 627 964 738 1019; x_wconf 88' lang='lat' dir='ltr'><strong>quoque</strong></span> <span class='ocrx_word' id='word_1_40' title='bbox 748 945 850 1003; x_wconf 73' lang='lat' dir='ltr'><strong>ursuli.</strong></span> 
     </span>
    </p>
   </div>
   <div class='ocr_carea' id='block_1_3' title="bbox 402 1214 749 1311">
    <p class='ocr_par' dir='ltr' id='par_1_6' title="bbox 402 1214 749 1311">
     <span class='ocr_line' id='line_1_10' title="bbox 402 1214 749 1311; baseline 0.012 -4"><span class='ocrx_word' id='word_1_41' title='bbox 402 1214 408 1223; x_wconf 67' lang='grc'>’</span> <span class='ocrx_word' id='word_1_42' title='bbox 526 1252 610 1309; x_wconf 82' lang='lat' dir='ltr'><strong>oon</strong></span> <span class='ocrx_word' id='word_1_43' title='bbox 630 1253 749 1311; x_wconf 84' lang='lat' dir='ltr'><strong>xxnr.</strong></span> 
     </span>
    </p>
   </div>
   <div class='ocr_carea' id='block_1_4' title="bbox 497 1387 764 1427">
    <p class='ocr_par' dir='ltr' id='par_1_7' title="bbox 497 1387 764 1427">
     <span class='ocr_line' id='line_1_11' title="bbox 497 1387 764 1427; baseline 0.004 -1"><span class='ocrx_word' id='word_1_44' title='bbox 497 1388 537 1426; x_wconf 80' lang='lat' dir='ltr'><strong>An</strong></span> <span class='ocrx_word' id='word_1_45' title='bbox 557 1387 764 1427; x_wconf 76' lang='lat' dir='ltr'><strong>MAECENATEM.</strong></span> 
     </span>
    </p>
   </div>
   <div class='ocr_carea' id='block_1_5' title="bbox 289 1486 978 2418">
    <p class='ocr_par' dir='ltr' id='par_1_8' title="bbox 289 1486 978 2418">
     <span class='ocr_line' id='line_1_12' title="bbox 301 1486 836 1562; baseline -0.004 -17"><span class='ocrx_word' id='word_1_46' title='bbox 301 1488 476 1545; x_wconf 63' lang='lat' dir='ltr'><strong>Tmarii</strong></span> <span class='ocrx_word' id='word_1_47' title='bbox 497 1504 597 1562; x_wconf 85' lang='lat' dir='ltr'><strong>regum</strong></span> <span class='ocrx_word' id='word_1_48' title='bbox 610 1486 836 1562; x_wconf 76' lang='lat' dir='ltr'><strong>progenies‚tibi</strong></span> 
     </span>
     <span class='ocr_line' id='line_1_13' title="bbox 301 1562 833 1639; baseline 0.002 -16"><span class='ocrx_word' id='word_1_49' title='bbox 301 1565 370 1625; x_wconf 89' lang='lat' dir='ltr'><strong>Non</strong></span> <span class='ocrx_word' id='word_1_50' title='bbox 385 1562 451 1623; x_wconf 75' lang='lat' dir='ltr'><strong>ante</strong></span> <span class='ocrx_word' id='word_1_51' title='bbox 465 1584 546 1623; x_wconf 87' lang='lat' dir='ltr'><strong>verso</strong></span> <span class='ocrx_word' id='word_1_52' title='bbox 558 1566 623 1639; x_wconf 81' lang='lat' dir='ltr'><strong>lenc</strong></span> <span class='ocrx_word' id='word_1_53' title='bbox 634 1584 747 1635; x_wconf 84' lang='lat' dir='ltr'><strong>merum</strong></span> <span class='ocrx_word' id='word_1_54' title='bbox 760 1566 833 1624; x_wconf 79' lang='lat' dir='ltr'><strong>cedo</strong></span> 
     </span>
     <span class='ocr_line' id='line_1_14' title="bbox 342 1641 873 1714; baseline 0.002 -14"><span class='ocrx_word' id='word_1_55' title='bbox 342 1643 417 1700; x_wconf 85' lang='lat' dir='ltr'><strong>Cum</strong></span> <span class='ocrx_word' id='word_1_56' title='bbox 431 1641 509 1714; x_wconf 85' lang='lat' dir='ltr'><strong>flore,</strong></span> <span class='ocrx_word' id='word_1_57' title='bbox 524 1642 681 1714; x_wconf 81' lang='lat' dir='ltr'><strong>Maeceaas‚</strong></span> <span class='ocrx_word' id='word_1_58' title='bbox 694 1662 831 1714; x_wconf 82' lang='lat' dir='ltr'><strong>rosarum,</strong></span> <span class='ocrx_word' id='word_1_59' title='bbox 844 1653 873 1701; x_wconf 92' lang='lat' dir='ltr'><strong>et</strong></span> 
     </span>
     <span class='ocr_line' id='line_1_15' title="bbox 382 1720 974 1794; baseline 0 -19"><span class='ocrx_word' id='word_1_60' title='bbox 382 1721 483 1777; x_wconf 82' lang='lat' dir='ltr'><strong>Pressa</strong></span> <span class='ocrx_word' id='word_1_61' title='bbox 496 1721 552 1776; x_wconf 87' lang='lat' dir='ltr'><strong>tuis</strong></span> <span class='ocrx_word' id='word_1_62' title='bbox 566 1720 684 1775; x_wconf 83' lang='lat' dir='ltr'><strong>balanus</strong></span> <span class='ocrx_word' id='word_1_63' title='bbox 697 1720 807 1794; x_wconf 78' lang='lat' dir='ltr'><strong>capillis</strong></span> <span class='ocrx_word' id='word_1_64' title='bbox 970 1782 974 1790; x_wconf 30' lang='lat'><strong>¹</strong></span> 
     </span>
     <span class='ocr_line' id='line_1_16' title="bbox 302 1797 978 1872; baseline 0 -17"><span class='ocrx_word' id='word_1_65' title='bbox 302 1798 478 1855; x_wconf 84' lang='lat' dir='ltr'><strong>Jamdudum</strong></span> <span class='ocrx_word' id='word_1_66' title='bbox 492 1797 568 1871; x_wconf 86' lang='lat' dir='ltr'><strong>apud</strong></span> <span class='ocrx_word' id='word_1_67' title='bbox 582 1815 628 1852; x_wconf 89' lang='lat' dir='ltr'><strong>me</strong></span> <span class='ocrx_word' id='word_1_68' title='bbox 641 1807 692 1853; x_wconf 90' lang='lat' dir='ltr'><strong>est.</strong></span> <span class='ocrx_word' id='word_1_69' title='bbox 734 1797 821 1872; x_wconf 85' lang='lat' dir='ltr'><strong>Eripe</strong></span> <span class='ocrx_word' id='word_1_70' title='bbox 834 1808 863 1855; x_wconf 85' lang='lat' dir='ltr'><strong>te</strong></span> <span class='ocrx_word' id='word_1_71' title='bbox 877 1814 978 1855; x_wconf 74' lang='lat' dir='ltr'><strong>moras:</strong></span> 
     </span>
     <span class='ocr_line' id='line_1_17' title="bbox 304 1873 853 1949; baseline 0 -18"><span class='ocrx_word' id='word_1_72' title='bbox 304 1874 353 1931; x_wconf 91' lang='lat' dir='ltr'><strong>Ne</strong></span> <span class='ocrx_word' id='word_1_73' title='bbox 367 1894 477 1949; x_wconf 84' lang='lat' dir='ltr'><strong>semper</strong></span> <span class='ocrx_word' id='word_1_74' title='bbox 491 1875 580 1931; x_wconf 88' lang='lat' dir='ltr'><strong>udum</strong></span> <span class='ocrx_word' id='word_1_75' title='bbox 593 1873 687 1931; x_wconf 91' lang='lat' dir='ltr'><strong>Tibur</strong></span> <span class='ocrx_word' id='word_1_76' title='bbox 701 1885 730 1931; x_wconf 93' lang='lat' dir='ltr'><strong>et</strong></span> <span class='ocrx_word' id='word_1_77' title='bbox 743 1874 853 1931; x_wconf 75' lang='lat' dir='ltr'><strong>AEsular</strong></span> 
     </span>
     <span class='ocr_line' id='line_1_18' title="bbox 342 1950 916 2027; baseline 0 -19"><span class='ocrx_word' id='word_1_78' title='bbox 342 1950 460 2010; x_wconf 88' lang='lat' dir='ltr'><strong>Declive</strong></span> <span class='ocrx_word' id='word_1_79' title='bbox 474 1951 678 2027; x_wconf 76' lang='lat' dir='ltr'><strong>contempleris</strong></span> <span class='ocrx_word' id='word_1_80' title='bbox 686 1970 794 2022; x_wconf 85' lang='lat' dir='ltr'><strong>arvum,</strong></span> <span class='ocrx_word' id='word_1_81' title='bbox 807 1963 837 2008; x_wconf 90' lang='lat' dir='ltr'><strong>et</strong></span> <span class='ocrx_word' id='word_1_82' title='bbox 913 1950 916 1956; x_wconf 90' lang='grc'><strong>’</strong></span> 
     </span>
     <span class='ocr_line' id='line_1_19' title="bbox 381 2028 772 2103; baseline 0.003 -19"><span class='ocrx_word' id='word_1_83' title='bbox 381 2028 523 2103; x_wconf 86' lang='lat' dir='ltr'><strong>Telegoni</strong></span> <span class='ocrx_word' id='word_1_84' title='bbox 533 2028 604 2103; x_wconf 85' lang='lat' dir='ltr'><strong>juga</strong></span> <span class='ocrx_word' id='word_1_85' title='bbox 615 2030 772 2103; x_wconf 77' lang='lat' dir='ltr'><strong>parricidae.</strong></span> 
     </span>
     <span class='ocr_line' id='line_1_20' title="bbox 289 2106 783 2182; baseline 0 -18"><span class='ocrx_word' id='word_1_86' title='bbox 289 2106 492 2164; x_wconf 81' lang='lat' dir='ltr'><strong>-Fastidiosam</strong></span> <span class='ocrx_word' id='word_1_87' title='bbox 506 2106 605 2164; x_wconf 86' lang='lat' dir='ltr'><strong>desere</strong></span> <span class='ocrx_word' id='word_1_88' title='bbox 618 2107 740 2182; x_wconf 89' lang='lat' dir='ltr'><strong>copiam,</strong></span> <span class='ocrx_word' id='word_1_89' title='bbox 753 2119 783 2164; x_wconf 90' lang='lat' dir='ltr'><strong>et</strong></span> 
     </span>
     <span class='ocr_line' id='line_1_21' title="bbox 305 2184 871 2260; baseline 0.002 -18"><span class='ocrx_word' id='word_1_90' title='bbox 305 2184 411 2242; x_wconf 87' lang='lat' dir='ltr'><strong>Molem</strong></span> <span class='ocrx_word' id='word_1_91' title='bbox 424 2185 609 2260; x_wconf 88' lang='lat' dir='ltr'><strong>propinquam</strong></span> <span class='ocrx_word' id='word_1_92' title='bbox 622 2185 747 2242; x_wconf 90' lang='lat' dir='ltr'><strong>nubibus</strong></span> <span class='ocrx_word' id='word_1_93' title='bbox 759 2186 871 2243; x_wconf 79' lang='lat' dir='ltr'><strong>arduis:</strong></span> 
     </span>
     <span class='ocr_line' id='line_1_22' title="bbox 342 2260 664 2319; baseline 0.006 -2"><span class='ocrx_word' id='word_1_94' title='bbox 342 2260 451 2319; x_wconf 83' lang='lat' dir='ltr'><strong>Omitte</strong></span> <span class='ocrx_word' id='word_1_95' title='bbox 464 2262 561 2318; x_wconf 87' lang='lat' dir='ltr'><strong>mirari</strong></span> <span class='ocrx_word' id='word_1_96' title='bbox 574 2263 664 2319; x_wconf 70' lang='lat' dir='ltr'><strong>beatae</strong></span> 
     </span>
     <span class='ocr_line' id='line_1_23' title="bbox 382 2339 968 2418; baseline 0.005 -23"><span class='ocrx_word' id='word_1_97' title='bbox 382 2339 506 2398; x_wconf 83' lang='lat' dir='ltr'><strong>Fumum</strong></span> <span class='ocrx_word' id='word_1_98' title='bbox 520 2353 549 2398; x_wconf 92' lang='lat' dir='ltr'><strong>et</strong></span> <span class='ocrx_word' id='word_1_99' title='bbox 560 2359 629 2417; x_wconf 87' lang='lat' dir='ltr'><strong>opes</strong></span> <span class='ocrx_word' id='word_1_100' title='bbox 643 2344 845 2418; x_wconf 87' lang='lat' dir='ltr'><strong>strepitumque</strong></span> <span class='ocrx_word' id='word_1_101' title='bbox 858 2342 968 2400; x_wconf 73' lang='lat' dir='ltr'><strong>Rome,</strong></span> 
     </span>
    </p>
   </div>
   <div class='ocr_carea' id='block_1_6' title="bbox 199 2407 832 2494">
    <p class='ocr_par' dir='ltr' id='par_1_9' title="bbox 199 2407 832 2494">
     <span class='ocr_line' id='line_1_24' title="bbox 199 2407 832 2494; baseline 0.006 -19"><span class='ocrx_word' id='word_1_102' title='bbox 199 2407 203 2410; x_wconf 53' lang='grc'><strong><em>’</em></strong></span> <span class='ocrx_word' id='word_1_103' title='bbox 303 2416 474 2493; x_wconf 81' lang='lat' dir='ltr'><strong>Plerirmque</strong></span> <span class='ocrx_word' id='word_1_104' title='bbox 487 2430 575 2494; x_wconf 84' lang='lat' dir='ltr'><strong>gratae</strong></span> <span class='ocrx_word' id='word_1_105' title='bbox 588 2420 723 2477; x_wconf 86' lang='lat' dir='ltr'><strong>divitibus</strong></span> <span class='ocrx_word' id='word_1_106' title='bbox 735 2422 813 2478; x_wconf 87' lang='lat' dir='ltr'><strong>vices</strong></span> <span class='ocrx_word' id='word_1_107' title='bbox 824 2441 832 2490; x_wconf 90' lang='lat'><strong>;</strong></span> 
     </span>
    </p>
   </div>
   <div class='ocr_carea' id='block_1_7' title="bbox 281 2495 981 3348">
    <p class='ocr_par' dir='ltr' id='par_1_10' title="bbox 281 2495 981 3348">
     <span class='ocr_line' id='line_1_25' title="bbox 303 2495 882 2573; baseline 0.003 -21"><span class='ocrx_word' id='word_1_108' title='bbox 303 2495 477 2570; x_wconf 81' lang='lat' dir='ltr'><strong>Mundaeque</strong></span> <span class='ocrx_word' id='word_1_109' title='bbox 490 2515 576 2571; x_wconf 87' lang='lat' dir='ltr'><strong>parvo</strong></span> <span class='ocrx_word' id='word_1_110' title='bbox 589 2497 643 2554; x_wconf 89' lang='lat' dir='ltr'><strong>sub</strong></span> <span class='ocrx_word' id='word_1_111' title='bbox 655 2498 714 2554; x_wconf 90' lang='lat' dir='ltr'><strong>lare</strong></span> <span class='ocrx_word' id='word_1_112' title='bbox 726 2516 882 2573; x_wconf 88' lang='lat' dir='ltr'><strong>pauperum</strong></span> 
     </span>
     <span class='ocr_line' id='line_1_26' title="bbox 281 2572 780 2644; baseline -0.004 -12"><span class='ocrx_word' id='word_1_113' title='bbox 281 2621 287 2632; x_wconf 87' lang='lat'><strong>.</strong></span> <span class='ocrx_word' id='word_1_114' title='bbox 342 2572 451 2644; x_wconf 86' lang='lat' dir='ltr'><strong>Coenae‚</strong></span> <span class='ocrx_word' id='word_1_115' title='bbox 465 2574 527 2629; x_wconf 91' lang='lat' dir='ltr'><strong>sine</strong></span> <span class='ocrx_word' id='word_1_116' title='bbox 542 2574 638 2632; x_wconf 85' lang='lat' dir='ltr'><strong>aulaeis</strong></span> <span class='ocrx_word' id='word_1_117' title='bbox 652 2585 682 2630; x_wconf 93' lang='lat' dir='ltr'><strong>et</strong></span> <span class='ocrx_word' id='word_1_118' title='bbox 694 2586 780 2644; x_wconf 86' lang='lat' dir='ltr'><strong>ostro,</strong></span> 
     </span>
     <span class='ocr_line' id='line_1_27' title="bbox 381 2649 981 2725; baseline 0 -19"><span class='ocrx_word' id='word_1_119' title='bbox 381 2651 537 2706; x_wconf 81' lang='lat' dir='ltr'><strong>Sollicitam</strong></span> <span class='ocrx_word' id='word_1_120' title='bbox 552 2649 715 2725; x_wconf 70' lang='lat' dir='ltr'><strong>explicuere</strong></span> <span class='ocrx_word' id='word_1_121' title='bbox 729 2651 858 2706; x_wconf 81' lang='lat' dir='ltr'><strong>frontem.</strong></span> <span class='ocrx_word' id='word_1_122' title='bbox 972 2656 981 2671; x_wconf 57' lang='lat'><strong>⁸</strong></span> 
     </span>
     <span class='ocr_line' id='line_1_28' title="bbox 302 2726 930 2802; baseline 0.005 -19"><span class='ocrx_word' id='word_1_123' title='bbox 302 2727 321 2784; x_wconf 83' lang='lat' dir='ltr'>J</span> <span class='ocrx_word' id='word_1_124' title='bbox 323 2745 368 2783; x_wconf 89' lang='lat' dir='ltr'><strong>am</strong></span> <span class='ocrx_word' id='word_1_125' title='bbox 382 2727 475 2783; x_wconf 87' lang='lat' dir='ltr'><strong>clarus</strong></span> <span class='ocrx_word' id='word_1_126' title='bbox 487 2726 631 2782; x_wconf 89' lang='lat' dir='ltr'><strong>occultum</strong></span> <span class='ocrx_word' id='word_1_127' title='bbox 643 2727 841 2783; x_wconf 87' lang='lat' dir='ltr'><strong>Andromedes</strong></span> <span class='ocrx_word' id='word_1_128' title='bbox 851 2737 930 2802; x_wconf 85' lang='lat' dir='ltr'><strong>pater</strong></span> 
     </span>
     <span class='ocr_line' id='line_1_29' title="bbox 301 2802 877 2879; baseline 0 -17"><span class='ocrx_word' id='word_1_129' title='bbox 301 2804 438 2862; x_wconf 89' lang='lat' dir='ltr'><strong>Ostendit</strong></span> <span class='ocrx_word' id='word_1_130' title='bbox 451 2803 564 2879; x_wconf 86' lang='lat' dir='ltr'><strong>ignem:</strong></span> <span class='ocrx_word' id='word_1_131' title='bbox 584 2804 643 2879; x_wconf 85' lang='lat' dir='ltr'><strong>jam</strong></span> <span class='ocrx_word' id='word_1_132' title='bbox 657 2802 786 2878; x_wconf 87' lang='lat' dir='ltr'><strong>Procyon</strong></span> <span class='ocrx_word' id='word_1_133' title='bbox 801 2804 877 2876; x_wconf 82' lang='lat' dir='ltr'><strong>furit,</strong></span> 
     </span>
     <span class='ocr_line' id='line_1_30' title="bbox 341 2881 714 2954; baseline 0.008 -17"><span class='ocrx_word' id='word_1_134' title='bbox 341 2881 379 2937; x_wconf 86' lang='lat' dir='ltr'><strong>Et</strong></span> <span class='ocrx_word' id='word_1_135' title='bbox 392 2881 471 2939; x_wconf 80' lang='lat' dir='ltr'><strong>stelle</strong></span> <span class='ocrx_word' id='word_1_136' title='bbox 485 2883 585 2938; x_wconf 84' lang='lat' dir='ltr'><strong>vesani</strong></span> <span class='ocrx_word' id='word_1_137' title='bbox 598 2882 714 2954; x_wconf 89' lang='lat' dir='ltr'><strong>Leonis,</strong></span> 
     </span>
     <span class='ocr_line' id='line_1_31' title="bbox 382 2959 791 3020; baseline 0.007 -5"><span class='ocrx_word' id='word_1_138' title='bbox 382 2959 449 3016; x_wconf 84' lang='lat' dir='ltr'><strong>Sole</strong></span> <span class='ocrx_word' id='word_1_139' title='bbox 463 2959 524 3016; x_wconf 90' lang='lat' dir='ltr'><strong>dies</strong></span> <span class='ocrx_word' id='word_1_140' title='bbox 538 2960 678 3019; x_wconf 87' lang='lat' dir='ltr'><strong>referente</strong></span> <span class='ocrx_word' id='word_1_141' title='bbox 691 2962 791 3020; x_wconf 88' lang='lat' dir='ltr'><strong>siccos.</strong></span> 
     </span>
     <span class='ocr_line' id='line_1_32' title="bbox 301 3038 933 3116; baseline 0.005 -22"><span class='ocrx_word' id='word_1_142' title='bbox 301 3038 319 3094; x_wconf 86' lang='lat' dir='ltr'>J</span> <span class='ocrx_word' id='word_1_143' title='bbox 322 3057 368 3095; x_wconf 88' lang='lat' dir='ltr'><strong>am</strong></span> <span class='ocrx_word' id='word_1_144' title='bbox 381 3050 474 3114; x_wconf 86' lang='lat' dir='ltr'><strong>pastor</strong></span> <span class='ocrx_word' id='word_1_145' title='bbox 488 3040 603 3096; x_wconf 88' lang='lat' dir='ltr'><strong>umbras</strong></span> <span class='ocrx_word' id='word_1_146' title='bbox 616 3058 683 3097; x_wconf 90' lang='lat' dir='ltr'><strong>curn</strong></span> <span class='ocrx_word' id='word_1_147' title='bbox 696 3058 783 3116; x_wconf 84' lang='lat' dir='ltr'><strong>grege</strong></span> <span class='ocrx_word' id='word_1_148' title='bbox 797 3040 933 3115; x_wconf 86' lang='lat' dir='ltr'><strong>languido</strong></span> 
     </span>
     <span class='ocr_line' id='line_1_33' title="bbox 302 3115 972 3192; baseline 0.001 -19"><span class='ocrx_word' id='word_1_149' title='bbox 302 3115 464 3192; x_wconf 83' lang='lat' dir='ltr'><strong>Rimmque</strong></span> <span class='ocrx_word' id='word_1_150' title='bbox 479 3115 569 3174; x_wconf 70' lang='lat' dir='ltr'><strong>lessus</strong></span> <span class='ocrx_word' id='word_1_151' title='bbox 582 3119 691 3192; x_wconf 81' lang='lat' dir='ltr'><strong>quaerit,</strong></span> <span class='ocrx_word' id='word_1_152' title='bbox 705 3128 734 3173; x_wconf 92' lang='lat' dir='ltr'><strong>et</strong></span> <span class='ocrx_word' id='word_1_153' title='bbox 747 3118 852 3174; x_wconf 85' lang='lat' dir='ltr'><strong>horridi</strong></span> <span class='ocrx_word' id='word_1_154' title='bbox 966 3134 972 3141; x_wconf 89' lang='grc'><em>’</em></span> 
     </span>
     <span class='ocr_line' id='line_1_34' title="bbox 341 3193 770 3268; baseline 0.002 -18"><span class='ocrx_word' id='word_1_155' title='bbox 341 3193 466 3252; x_wconf 84' lang='lat' dir='ltr'><strong>Dumeta</strong></span> <span class='ocrx_word' id='word_1_156' title='bbox 481 3195 605 3263; x_wconf 81' lang='lat' dir='ltr'><strong>Silvani3</strong></span> <span class='ocrx_word' id='word_1_157' title='bbox 627 3205 770 3268; x_wconf 77' lang='lat' dir='ltr'><strong>caretque-</strong></span> 
     </span>
     <span class='ocr_line' id='line_1_35' title="bbox 380 3272 817 3348; baseline 0.002 -19"><span class='ocrx_word' id='word_1_158' title='bbox 380 3272 458 3348; x_wconf 87' lang='lat' dir='ltr'><strong>Ripa</strong></span> <span class='ocrx_word' id='word_1_159' title='bbox 471 3273 549 3348; x_wconf 79' lang='lat' dir='ltr'><strong>vagis</strong></span> <span class='ocrx_word' id='word_1_160' title='bbox 562 3273 704 3330; x_wconf 84' lang='lat' dir='ltr'><strong>taciturna</strong></span> <span class='ocrx_word' id='word_1_161' title='bbox 717 3273 817 3330; x_wconf 83' lang='lat' dir='ltr'><strong>ventis.</strong></span> 
     </span>
    </p>
   </div>
   <div class='ocr_carea' id='block_1_8' title="bbox 300 3349 924 3816">
    <p class='ocr_par' dir='ltr' id='par_1_11' title="bbox 300 3349 924 3816">
     <span class='ocr_line' id='line_1_36' title="bbox 300 3349 801 3424; baseline 0 -18"><span class='ocrx_word' id='word_1_162' title='bbox 300 3349 350 3406; x_wconf 89' lang='lat' dir='ltr'><strong>Tu</strong></span> <span class='ocrx_word' id='word_1_163' title='bbox 363 3349 506 3407; x_wconf 88' lang='lat' dir='ltr'><strong>civitatem</strong></span> <span class='ocrx_word' id='word_1_164' title='bbox 521 3351 584 3424; x_wconf 90' lang='lat' dir='ltr'><strong>quis</strong></span> <span class='ocrx_word' id='word_1_165' title='bbox 598 3352 699 3408; x_wconf 79' lang='lat' dir='ltr'><strong>deceat</strong></span> <span class='ocrx_word' id='word_1_166' title='bbox 712 3361 801 3407; x_wconf 90' lang='lat' dir='ltr'><strong>status</strong></span> 
     </span>
     <span class='ocr_line' id='line_1_37' title="bbox 301 3425 924 3500; baseline 0.005 -16"><span class='ocrx_word' id='word_1_167' title='bbox 301 3427 402 3500; x_wconf 78' lang='lat' dir='ltr'><strong>Cures,</strong></span> <span class='ocrx_word' id='word_1_168' title='bbox 416 3439 445 3485; x_wconf 90' lang='lat' dir='ltr'><strong>et</strong></span> <span class='ocrx_word' id='word_1_169' title='bbox 458 3427 528 3486; x_wconf 89' lang='lat' dir='ltr'><strong>Urbi</strong></span> <span class='ocrx_word' id='word_1_170' title='bbox 538 3429 676 3487; x_wconf 87' lang='lat' dir='ltr'><strong>sollicitus</strong></span> <span class='ocrx_word' id='word_1_171' title='bbox 684 3430 768 3486; x_wconf 90' lang='lat' dir='ltr'><strong>times</strong></span> <span class='ocrx_word' id='word_1_172' title='bbox 920 3425 924 3430; x_wconf 77' lang='grc'><strong>’</strong></span> 
     </span>
     <span class='ocr_line' id='line_1_38' title="bbox 338 3505 784 3582; baseline -0.004 -16"><span class='ocrx_word' id='word_1_173' title='bbox 338 3505 421 3566; x_wconf 80' lang='lat' dir='ltr'><strong>Quid</strong></span> <span class='ocrx_word' id='word_1_174' title='bbox 436 3507 521 3564; x_wconf 86' lang='lat' dir='ltr'><strong>Seres</strong></span> <span class='ocrx_word' id='word_1_175' title='bbox 533 3518 563 3564; x_wconf 92' lang='lat' dir='ltr'><strong>et</strong></span> <span class='ocrx_word' id='word_1_176' title='bbox 576 3518 694 3582; x_wconf 89' lang='lat' dir='ltr'><strong>regnata</strong></span> <span class='ocrx_word' id='word_1_177' title='bbox 707 3506 784 3581; x_wconf 82' lang='lat' dir='ltr'><strong>Cyro</strong></span> 
     </span>
     <span class='ocr_line' id='line_1_39' title="bbox 381 3583 918 3659; baseline 0.009 -20"><span class='ocrx_word' id='word_1_178' title='bbox 381 3583 485 3642; x_wconf 85' lang='lat' dir='ltr'><strong>Baetra</strong></span> <span class='ocrx_word' id='word_1_179' title='bbox 497 3596 606 3659; x_wconf 84' lang='lat' dir='ltr'><strong>parent,</strong></span> <span class='ocrx_word' id='word_1_180' title='bbox 621 3585 787 3659; x_wconf 79' lang='lat' dir='ltr'><strong>Tanaisque</strong></span> <span class='ocrx_word' id='word_1_181' title='bbox 801 3586 918 3645; x_wconf 84' lang='lat' dir='ltr'><strong>discors.</strong></span> 
     </span>
     <span class='ocr_line' id='line_1_40' title="bbox 304 3661 810 3738; baseline 0.006 -20"><span class='ocrx_word' id='word_1_182' title='bbox 304 3661 433 3718; x_wconf 88' lang='lat' dir='ltr'><strong>Prudens</strong></span> <span class='ocrx_word' id='word_1_183' title='bbox 447 3662 533 3719; x_wconf 88' lang='lat' dir='ltr'><strong>firturi</strong></span> <span class='ocrx_word' id='word_1_184' title='bbox 546 3664 681 3738; x_wconf 89' lang='lat' dir='ltr'><strong>temporis</strong></span> <span class='ocrx_word' id='word_1_185' title='bbox 693 3663 810 3720; x_wconf 81' lang='lat' dir='ltr'><strong>exitum·</strong></span> 
     </span>
     <span class='ocr_line' id='line_1_41' title="bbox 303 3739 790 3816; baseline 0.004 -20"><span class='ocrx_word' id='word_1_186' title='bbox 303 3739 467 3812; x_wconf 71' lang='lat' dir='ltr'><strong>caliginosi</strong></span> <span class='ocrx_word' id='word_1_187' title='bbox 481 3750 565 3798; x_wconf 90' lang='lat' dir='ltr'><strong>nocte</strong></span> <span class='ocrx_word' id='word_1_188' title='bbox 578 3742 680 3816; x_wconf 83' lang='lat' dir='ltr'><strong>premit</strong></span> <span class='ocrx_word' id='word_1_189' title='bbox 694 3741 790 3812; x_wconf 88' lang='lat' dir='ltr'><strong>Deus,</strong></span> 
     </span>
    </p>
   </div>
   <div class='ocr_carea' id='block_1_9' title="bbox 0 0 1285 4225">
    <p class='ocr_par' dir='ltr' id='par_1_12' title="bbox 0 0 1285 4225">
     <span class='ocr_line' id='line_1_42' title="bbox 0 0 1285 4225; baseline 0 0"><span class='ocrx_word' id='word_1_190' title='bbox 0 0 1285 4225; x_wconf 95' lang='lat' dir='ltr'><strong> </strong></span> 
     </span>
    </p>
   </div>
  </div>
 </body>
</html>
