2550 4225
492 293 522 348 Q.
541 292 687 341 floarrrr
703 294 837 343 ELAOGI·

404 432 534 508 Tempus
546 433 713 491 Amazonia
721 434 816 495 muri

325 508 447 567 Dextrae
459 510 595 581 obarmat,
608 528 734 584 querere
746 511 841 569 distuli

327 586 406 662 (Nee
420 587 492 643 seire
507 586 548 643 fas
562 598 606 645 est
617 589 746 665 omnia):
767 589 818 645 sed
831 588 895 648 diu·

364 662 492 738 Latbque
506 664 635 721 vietrioes
648 676 778 737 eatena,

403 741 538 799 Consiliis
548 742 662 816 juvenis
673 743 796 815 revictae,

325 817 448 876 Sonuere
461 819 528 893 quid
541 838 624 879 meus
636 818 701 892 ritb,
715 822 784 895 qnid
797 821 916 892 indulos,

324 896 440 953 Nutrita
454 897 552 953 faustis
563 898 617 953 sub
629 898 831 973 penetralibus,

363 974 471 1045 Posset,
484 975 553 1048 quid
567 976 692 1049 Augusti
704 979 840 1049 paternus

401 1050 436 1107 In
450 1070 553 1125 pueros
565 1053 677 1109 animus
690 1052 831 1111 Nerones

324 1128 423 1185 Fortes
436 1139 567 1185 oreautur
581 1128 717 1196 fortibus;
736 1141 766 1186 et
779 1131 866 1189 bouis.

323 1205 374 1262 Est
388 1206 417 1261 in
427 1204 567 1280 jurensis,
580 1217 623 1262 est
635 1206 666 1261 in
679 1207 769 1279 aquis,
781 1218 893 1281 patrum
978 1209 987 1213 ’

363 1282 478 1339 Virtus:
498 1301 553 1339 nee
566 1282 711 1339 imbellem
720 1284 828 1341 sermea

402 1359 594 1435 Progenerant
607 1361 707 1435 aquilae
721 1362 889 1419 columbae

323 1438 462 1495 Doetrina
474 1439 525 1495 sed
538 1439 595 1495 vim
607 1450 752 1514 promovet
765 1439 888 1511 insitam,

324 1516 465 1591 Reatique
478 1516 571 1574 oultus
584 1529 698 1592 pectora
710 1518 858 1577 roborant:

363 1594 514 1670 Utcunque
528 1592 662 1653 defecere
674 1614 778 1668 mores,

367 1708 369 1712 -
401 1671 573 1731 Indeoorant
586 1674 660 1731 bene
673 1685 740 1731 nata
752 1674 852 1749 eulpa.

322 1750 404 1811 Quid
418 1750 531 1821 debeas,
545 1769 564 1807 o
576 1746 682 1821 Roma,
696 1750 871 1823 Neronibus

323 1825 420 1885 Testis
433 1826 597 1885 Metaurum
610 1826 726 1899 flumen,
739 1839 769 1885 et
779 1828 945 1890 Hasdrubal

361 1902 508 1976 Dorionis,
522 1915 551 1962 et
562 1904 682 1980 puloher
694 1906 798 1981 lagana
853 1929 857 1935 ¹

402 1979 454 2037 Ille
468 1982 530 2041 dies
543 1982 624 2040 Latio
637 1982 772 2055 tenebris,

321 2058 384 2124 Qui
397 2058 504 2138 primus
517 2059 591 2118 alma
603 2059 665 2116 risit
677 2060 790 2135 morea,
858 2067 957 2114 wa.

322 2139 410 2198 Dirus
421 2159 470 2217 per
484 2139 569 2200 urbes
583 2136 653 2200 Aser
666 2148 698 2201 ut
711 2137 807 2216 Italas,

362 2217 425 2276 Ceu
439 2217 552 2278 flamma
564 2239 613 2296 per
627 2219 725 2292 taedas,
739 2220 783 2278 rel
796 2219 892 2281 Eurus

402 2296 456 2354 Per
470 2297 583 2356 Sioulas
595 2298 730 2373 equitavit
743 2300 843 2358 undas.

323 2376 390 2433 Post
403 2375 457 2433 hoo
470 2376 604 2433 secundis
616 2395 707 2451 usque
718 2377 862 2436 laboribus

250 2514 254 2522 .
324 2453 458 2510 Romana
470 2453 562 2529 pubes
574 2455 672 2526 erevit,
685 2467 715 2512 et
728 2456 815 2532 impio

362 2531 480 2589 vastata
493 2531 646 2589 Pmnorum
659 2533 782 2590 tumultu

236 2617 240 2620 ’
400 2608 479 2666 Fene
492 2609 562 2666 deos
575 2607 701 2666 habuere
713 2621 813 2668 reetos.

321 2685 455 2760 Dixitque
474 2686 589 2743 taudem
602 2686 727 2760 perfidus
739 2685 901 2746 Hannibal:

321 2767 338 2791 “
353 2762 447 2832 Cervi,
461 2762 590 2836 luporum
604 2763 700 2836 praeda
712 2765 869 2838 rapacium,

360 2839 508 2896 Sectamur
521 2839 594 2897 ultro
606 2857 677 2913 quos
689 2841 801 2916 opimus

398 2915 509 2975 Fallere
522 2927 552 2974 et
564 2917 691 2992 effugere
703 2929 747 2975 est
759 2920 927 2997 triumphus.

267 3065 273 3072 Α
318 2995 408 3066 Gens,
421 3013 483 3068 quae
497 3007 622 3052 oremato
634 2995 714 3053 fortis
726 2997 763 3054 ab
775 2996 839 3070 Ilio,

318 3071 336 3127 J
338 3082 430 3128 aetate
444 3071 549 3128 Tuseis
562 3073 722 3147 aequoribus
735 3093 825 3146 saara,

358 3149 513 3224 Notosque,
527 3160 706 3224 maturemus
719 3161 823 3224 patres,

396 3227 515 3284 Pertulit
528 3227 672 3283 Ausonias
685 3227 721 3282 ad
734 3227 829 3298 urbes,

317 3304 407 3374 Duris,
417 3315 449 3361 ut
462 3305 518 3362 ilex
530 3315 612 3361 tonsa
625 3304 797 3378 bipennibus

317 3381 414 3456 Nigra
428 3382 514 3445 feraoi
529 3381 634 3439 frondis
648 3382 678 3438 in
692 3381 809 3457 Algido,

355 3459 410 3516 Per
421 3461 534 3530 damna,
548 3478 598 3534 per
612 3461 715 3531 oaedes,
729 3461 840 3537 abipso

393 3536 482 3594 Ducit
494 3555 563 3612 opes
576 3537 758 3613 animumque
771 3539 852 3597 ferro.

316 3613 383 3670 Non
397 3613 497 3686 Hydra
509 3625 587 3672 seete
600 3633 716 3690 oorpore
730 3616 834 3676 firmior

315 3691 401 3748 Vinoi
415 3690 558 3748 dolentem
572 3693 661 3749 erevit
673 3693 704 3749 in
718 3693 891 3764 Herculem

354 3766 548 3824 Monstrumve
562 3767 724 3826 submisere
732 3770 833 3829 Cdebi

393 3841 497 3918 Majua,
511 3843 693 3904 Echioniaeve
706 3845 825 3905 Thebe.
