2550 4225
470 330 500 383 Q.
518 328 663 377 nonnuli
680 328 803 376 nuncet

261 471 387 527 Pecusve
400 468 529 525 Calabris
542 480 608 524 unte
621 469 700 525 sidus
710 468 846 525 fervidum

379 546 497 603 Lucana
510 556 600 603 mutet
609 564 715 620 pascua
726 567 733 615 ς

265 624 326 681 Nec
341 635 372 681 ut
384 624 498 698 superni
512 623 578 679 villa
591 624 717 679 candens
727 621 849 680 Tusculi

379 698 490 756 Circtea
503 709 600 775 tangat
613 698 724 756 moenis.

264 777 339 835 Satis
353 776 491 853 superque
503 796 548 833 me
563 776 723 851 benignitus
735 788 784 833 tus

380 854 499 911 Dituvit:
520 855 595 911 haud
608 873 742 930 paravero

263 934 351 994 Quod
365 943 422 1003 sut,
434 950 533 989 avarus
547 943 577 988 ut
590 932 739 1002 Chremes,
752 933 827 989 terri
841 946 977 1007 premar,

382 1009 545 1065 Discinctos
559 1021 607 1065 aut
620 1011 736 1083 perdum
750 1019 782 1066 ut
794 1027 890 1083 nepos.

498 1212 780 1219 ——-—-—-—-—--————

563 1354 647 1413 ODE
667 1355 707 1412 11,

247 1483 265 1508 “
275 1477 394 1535 Burrus
409 1474 455 1531 ille
469 1473 516 1547 qui
530 1473 627 1548 procul
642 1474 772 1549 negotiis,

382 1552 421 1608 Ut
433 1552 527 1627 prisca
539 1569 610 1625 gens
623 1550 792 1621 usualium,

267 1632 387 1689 Paterna
400 1648 465 1686 rura
478 1629 569 1686 bobus
581 1637 695 1684 exercet
709 1629 778 1697 suis,

384 1707 498 1763 Solutus
511 1706 589 1761 oumi
604 1705 717 1761 foenore.

266 1784 366 1857 Neque
379 1783 518 1840 excitatur
531 1782 652 1839 classico
665 1781 746 1841 miles
759 1781 841 1850 truci,

383 1858 484 1934 Neque
498 1860 590 1915 horret
601 1858 705 1915 iratum
718 1876 810 1925 mare3
877 1911 881 1919 ,

268 1939 426 2011 Forumque
440 1937 516 2006 vitet,
530 1947 559 1992 et
572 1935 693 2009 superba
704 1935 809 1990 civium

384 2014 576 2072 Potentiorum
586 2012 696 2079 limine.

268 2098 343 2175 Ergo
357 2107 405 2159 aut
418 2090 514 2158 adulti
528 2089 625 2160 vitium
638 2095 793 2180 propagine

384 2179 466 2236 Altus
479 2180 589 2236 maritat
601 2179 734 2257 populoru

268 2255 440 2330 Inutilesque
455 2256 526 2313 falce
539 2275 632 2315 ramos
646 2267 804 2336 amputans,

385 2333 539 2392 Feliciores
552 2335 668 2404 inserit3
801 2398 804 2404 ¹

267 2413 327 2468 Ant
340 2413 370 2468 in
383 2412 502 2468 reducti
516 2411 586 2469 valle
600 2412 787 2488 mugientium

384 2487 547 2564 Prospectat
559 2501 685 2547 errantes
698 2509 815 2566 greges3

269 2567 328 2623 Aut
341 2584 437 2640 presse
450 2567 527 2640 puris
540 2567 624 2623 mella
637 2569 735 2624 condit
749 2569 905 2644 amphoris;

311 2653 319 2671 ⁶
384 2644 445 2699 Aut
456 2644 553 2700 tondet
568 2643 693 2700 infirmas
704 2662 771 2701 oves
780 2665 796 2712 ;.

267 2718 331 2790 vel,
351 2738 437 2793 quum
451 2720 586 2775 decorum
599 2721 716 2777 mitibus
728 2721 819 2797 pomis
832 2733 917 2797 caput

385 2798 549 2851 Autumnus
563 2797 635 2852 arvis
648 2797 756 2868 extulit,

270 2873 308 2932 Ut
319 2873 424 2945 gaudet
438 2872 550 2930 insititu
563 2873 719 2950 decerpens
732 2894 809 2950 pyra,

385 2949 548 3008 Certantem
562 2963 591 3008 et
605 2970 687 3009 uvam
700 2971 840 3029 purpurae,

202 3085 209 3104 .
268 3027 340 3089 out
352 3038 513 3085 muneretur
527 3039 564 3099 te,
579 3029 690 3104 Priape,
704 3039 732 3087 et
745 3042 783 3101 te,
797 3043 875 3108 pater

387 3106 509 3178 Silurus,
524 3117 597 3164 tutor
612 3106 726 3164 linium!

271 3181 352 3239 Libet
359 3183 454 3256 jacere
468 3181 552 3239 modi)
566 3184 620 3238 sub
633 3184 748 3257 antiqui
762 3183 835 3253 ilice,

387 3257 476 3317 Modo
491 3262 520 3316 in
534 3261 627 3316 tenaci
641 3261 776 3334 gramine.

146 3415 153 3425 ι
192 3343 194 3346 ’
271 3335 417 3393 Labuntur
431 3338 494 3394 altis
508 3338 620 3395 interim
633 3337 701 3412 ripis
714 3357 808 3411 aquae;

386 3413 554 3474 Queruntur
566 3415 595 3471 in
609 3416 685 3471 silvis
698 3433 778 3484 aves3

173 3499 180 3508 ”
271 3490 431 3564 Fontesque
446 3493 567 3566 lymphis
580 3493 744 3567 obstrepunt
758 3493 946 3564 manentibus,

389 3569 509 3626 Somnos
523 3571 597 3643 quod
611 3571 709 3627 invitet
721 3570 804 3627 leves.

273 3649 322 3714 At,
336 3664 422 3719 quum
433 3649 557 3704 tonantis
571 3667 663 3703 annus
677 3648 811 3704 hibernus
824 3648 903 3705 lovis

389 3722 498 3780 Imbres
512 3725 645 3800 nivesque
659 3737 812 3799 comparet,

274 3803 333 3858 Aut
346 3801 433 3858 trudit
446 3819 526 3858 sores
540 3802 607 3859 hinc
621 3813 649 3858 et
663 3803 731 3861 hinc
744 3805 832 3861 multi
845 3821 917 3861 cane
