2550 4225
136 292 177 349 90
364 330 368 335 .
461 288 492 343 o
510 286 654 335 ιιοιιιιιι
671 285 794 337 resecr

176 428 291 503 Urgeris
304 427 426 485 turbt
400 445 509 483 circum
523 437 551 483 te
562 435 664 495 stante,
677 427 816 515 miserque

176 504 329 580 Rumperis
343 515 372 561 et
383 505 479 574 latras,
493 520 660 578 magnorum
672 504 794 561 maxime
806 523 913 579 regum

138 594 143 609 '
173 582 220 639 Ns
233 583 349 657 longum
364 581 479 638 faciam:
501 581 570 636 dum
583 592 614 636 tu
627 581 782 653 quadrante
794 582 916 639 lavatum

175 660 238 715 Rex
248 659 311 729 ibis,
326 677 417 731 neque
431 668 459 714 te
471 658 618 730 quisquam
632 656 756 730 stipator,
769 658 897 750 ineptum

173 736 276 793 Praeter
290 705 462 822 Crispinum,
476 732 644 800 sectabitur3
665 743 695 788 et
708 734 777 790 mihi
790 734 889 793 dulces

172 813 335 887 Ignoscem,
349 831 373 867 ει
366 811 454 885 quid
468 828 624 885 peccavero
637 810 749 880 stultus,
763 812 863 879 amici;
1055 816 1112 873 rto

171 889 298 963 Inque
274 906 365 945 vrcem
379 888 489 945 illorum
501 887 590 961 patiar
603 886 708 943 delicta
720 855 848 958 libenter,

171 964 351 1039 Privatusque
366 962 456 1039 magis
469 964 559 1020 vivam
573 974 601 1020 te
616 981 683 1037 rege
697 964 803 1021 beatus.

507 1312 663 1371 SATIRA
684 1311 736 1369 lv.

171 1431 297 1489 Eoeonrs
311 1441 393 1504 atque
407 1428 541 1486 Cratinus
555 1430 824 1518 Aristophanesque,
837 1434 940 1504 poeto,

163 1510 263 1597 :Atque
276 1508 324 1565 alii
337 1525 456 1582 quorum
469 1507 608 1564 comoedia
619 1508 714 1581 prisca
726 1506 847 1563 virorum
860 1518 913 1578 est,

169 1586 200 1643 Si
214 1586 276 1681 quis
288 1595 349 1642 erat
361 1586 465 1660 dignus
478 1585 599 1641 describi
603 1582 700 1672 ,qubd
713 1585 813 1654 malus,
833 1596 882 1640 aut
895 1552 949 1655 fin,

167 1663 258 1723 Quod
271 1662 399 1719 moechus
414 1664 493 1733 soret,
508 1673 556 1719 aut
569 1662 697 1732 sicarius,
711 1673 760 1719 aut
772 1629 874 1735 alioqui

154 1740 315 1809 ·Famosus,
330 1740 418 1795 multa
433 1758 499 1794 cum
513 1740 641 1796 libertate
653 1740 796 1795 notabant,

169 1816 247 1873 Hinc
260 1817 352 1874 omnis
365 1817 469 1889 pendet
482 1815 619 1886 Lucilius,
633 1815 720 1872 hosce
733 1826 876 1889 sequutus,

168 1893 285 1951 Mutatis
298 1890 408 1949 tantiam
423 1892 541 1967 pedibus
555 1892 749 1965 numerisque;
771 1893 888 1960 facetus,

169 1971 316 2027 Emunctae
330 1972 416 2037 naris,
430 1971 518 2025 durus
532 1987 701 2042 componere
714 1986 817 2025 versus.

168 2048 244 2104 Nam
258 2048 309 2104 fuit
323 2048 377 2102 hoc
392 2047 522 2115 vitiosus;
544 2046 573 2101 in
588 2046 657 2101 horit
672 2043 747 2120 saepe
762 2047 909 2120 ducentos,

169 2125 206 2182 Ut
220 2143 363 2200 magnum,
377 2143 473 2180 versus
486 2124 620 2192 dictabat,
635 2133 713 2180 stans
725 2124 797 2197 pede
811 2127 841 2179 in
854 2143 920 2180 uno.
1072 2128 1110 2185 10

167 2203 266 2264 Quum
281 2201 380 2258 flueret
394 2202 557 2289 lutulentus,
571 2211 631 2257 erat
641 2201 716 2274 quod
729 2201 826 2257 tollere
839 2202 940 2258 velles:

167 2280 313 2349 Garrulus,
328 2289 411 2374 atque
424 2279 503 2354 piger
517 2248 660 2336 sciibendi
675 2279 746 2334 serre
760 2279 894 2351 laborem,

169 2326 318 2415 Scribendi
332 2354 428 2425 recte3
449 2375 514 2413 nam
529 2367 560 2413 ut
573 2353 705 2426 multirm,
719 2355 759 2412 nil
772 2374 872 2414 moror
913 2356 999 2427 Ecce,
1084 2418 1092 2424 ,

168 2435 317 2522 Crispinus
331 2435 448 2492 minimo
461 2453 507 2490 me
520 2444 659 2508 provocat
660 2435 820 2508 -Accrpe
834 2435 858 2489 si
872 2435 922 2504 vis,

169 2512 300 2585 Accipe
291 2531 348 2585 Jam
362 2513 488 2578 tabulam
509 2513 591 2567 detur
605 2511 687 2568 nobis
699 2512 787 2582 locus,
802 2512 879 2582 hora,
1071 2513 1109 2569 15

169 2590 325 2654 Custodes;
348 2590 492 2645 videamus
505 2599 567 2644 uter
580 2588 644 2661 plus
654 2588 777 2644 scribere
790 2589 918 2662 possit-

171 2665 208 2722 Di
223 2667 295 2722 bene
309 2667 446 2736 fecerunt,
462 2667 553 2738 inopis
567 2683 611 2720 me
625 2663 758 2738 qubdque
771 2665 865 2739 pusilli

170 2743 326 2799 Finxerunt
340 2743 436 2810 animi,
451 2740 514 2797 rard
528 2754 557 2797 et
570 2759 711 2814 perpauca
724 2741 878 2814 loquentis:

170 2822 210 2876 At
223 2831 252 2874 tu
267 2819 414 2876 conclusas
428 2817 545 2874 hircinis
558 2817 670 2873 sollibus
684 2836 775 2888 auras,

169 2897 263 2971 Usque
277 2897 443 2962 laborantes,
458 2896 526 2950 ‹lum
541 2895 646 2951 ferrum
659 2896 765 2953 molliat
779 2895 863 2970 ignis,

168 2975 206 3032 Ut
219 2975 316 3042 marie,
332 2973 439 3029 imitere
455 3016 494 3028 ...
510 2972 615 3028 beatus
630 2972 767 3045 Fannius,
781 2974 854 3031 ultro

167 3051 276 3109 Delatis
290 3050 382 3124 capsis
395 3061 423 3107 et
438 3050 574 3124 imagine!
596 3067 682 3122 quum
696 3070 760 3107 mea
774 3069 857 3108 nemo

168 3131 278 3203 Scripta
293 3129 376 3202 tegat,
391 3127 474 3202 vulgo
488 3128 606 3184 recitare
619 3129 754 3197 timentis,
767 3128 804 3184 ob
817 3130 892 3186 hanc
905 3148 975 3200 rem,

165 3204 255 3268 Quod
270 3217 344 3273 sunt,
358 3225 427 3278 quos
440 3223 530 3279 genus
543 3206 596 3261 hoc
610 3203 728 3261 minime
738 3205 827 3278 juvat,
841 3217 937 3280 utpote
950 3207 1045 3281 plures

167 3283 282 3355 Culpari
296 3283 405 3356 dignos
439 3282 578 3342 Quemvis
591 3281 686 3338 media
699 3299 768 3337 erue
780 3282 879 3338 turbis:
1065 3286 1107 3342 25

168 3362 227 3416 Ant
240 3359 277 3415 ob
291 3359 444 3430 avaritiam,
454 3369 502 3415 aut
512 3358 613 3416 miserti
628 3359 780 3414 ambitione
793 3358 907 3416 laborat.

166 3435 253 3493 Hunc
268 3438 343 3511 capit
357 3436 464 3510 argenti
478 3437 609 3511 splendor
617 3454 624 3504 ;
646 3446 739 3509 stupet
752 3435 855 3492 Albius
869 3455 940 3493 aere:

169 3513 226 3568 llic
239 3525 327 3570 mutat
343 3531 451 3568 merces
464 3524 597 3588 surgente
610 3532 627 3568 a
641 3512 700 3568 sole
713 3514 749 3569 ad
762 3531 828 3568 eum
842 3533 898 3587 quo

168 3591 335 3664 vespertina
347 3601 425 3663 tepet
437 3590 528 3665 regio3
549 3591 617 3664 quin
630 3609 680 3665 per
694 3590 768 3646 mala
780 3609 905 3665 praeceps

169 3666 278 3738 Fertur,
293 3665 333 3722 uti
346 3667 436 3738 pulvis
450 3667 584 3724 collectus
597 3667 719 3737 turbine,
734 3686 771 3724 ne
785 3668 852 3741 quid
1065 3671 1106 3728 80

166 3743 283 3800 Summd
298 3743 432 3816 deperdat
445 3755 583 3813 metuens,
598 3755 647 3812 apt
659 3743 773 3820 ampliet
785 3757 818 3801 ut
830 3764 896 3802 rem.
