2550 4225
314 688 682 781 Q.HORAT11
725 686 968 769 FLACCl
1063 690 1068 695 ’

426 948 855 1031 uersuonrnun

505 1178 608 1227 LIBER
632 1178 776 1227 PRIMUS.

517 1622 718 1682 EPISTOLA
738 1622 762 1680 1.

508 1760 547 1797 an
561 1740 766 1798 uenenum.

191 1857 291 1915 Pruru
304 1858 380 1916 diete
393 1858 473 1930 mibi,
487 1857 598 1914 summi
611 1856 732 1914 dicende
745 1854 894 1926 Camoeni,

191 1931 355 2068 {pestutum
368 1932 446 2006 satis,
459 1945 488 1991 et
501 1935 635 1991 donatum
646 1933 705 2008 jam
719 1932 799 2003 rude,
812 1934 922 2007 queris,

225 2030 344 2082 aroenae,
359 2013 460 2070 iterum
474 2010 589 2084 antiquo
602 2029 649 2066 me
662 2009 807 2067 includere
820 2008 896 2066 ludo.

190 2088 259 2146 Non
272 2089 371 2146 eadem
382 2099 425 2146 est
438 2098 515 2160 retes,
529 2104 587 2146 non
601 2105 690 2144 mens.
731 2084 877 2162 Vejanius,
891 2087 976 2146 armis

191 2166 325 2223 Herculis
338 2167 374 2224 ad
387 2177 495 2242 postem
508 2165 580 2237 fixis,
594 2165 663 2222 latet
675 2164 788 2221 abditus
801 2183 869 2240 agro
1095 2163 1130 2222 ’5

190 2242 237 2299 Ne
250 2244 383 2320 populum
397 2243 524 2300 extremi
537 2243 621 2300 toties
633 2252 730 2300 exoret
742 2241 837 2299 areni.

192 2319 243 2378 Est
256 2321 324 2378 mihi
337 2332 484 2399 purgatam
497 2318 598 2378 erebrd
611 2320 661 2454 rpui
674 2331 806 2396 personet
820 2338 932 2376 aurem:

191 2398 302 2456 “Solve
316 2408 510 2456 senescentem
524 2409 615 2456 matur
649 2416 735 2456 sanus
747 2415 861 2472 equum,
875 2415 912 2454 ne

191 2475 296 2532 Peeoet
310 2477 346 2532 ad
359 2487 516 2534 extremum
530 2475 675 2546 ridendus,
689 2485 718 2532 et
731 2474 779 2532 ilia
791 2475 904 2532 dueat.''

190 2551 220 2606 N
223 2571 279 2610 une
292 2553 385 2628 itaque
398 2565 428 2611 et
440 2572 536 2610 versus
550 2563 579 2611 et
591 2563 694 2610 eetera
706 2552 817 2610 ludicre
829 2553 919 2626 pono:
1090 2553 1129 2610 10

188 2629 270 2690 Quid
290 2648 386 2687 verum
409 2641 492 2704 atque
511 2631 617 2687 decens
636 2647 707 2686 euro
725 2640 755 2685 et
775 2647 852 2704 rogo,
864 2639 894 2685 et
910 2629 1003 2686 omnis
1020 2628 1053 2687 iu
1074 2629 1129 2688 boe

187 2727 190 2734 ·
268 2725 346 2765 sum:

188 2783 289 2840 Condo
302 2796 330 2841 et
344 2802 480 2860 compono
490 2802 552 2859 quae
566 2802 631 2842 mox
643 2785 807 2858 depromere
819 2783 931 2858 possim.

190 2860 245 2931 Ae,
258 2879 294 2918 ne
309 2858 379 2918 sorte
393 2879 474 2936 roges
487 2879 542 2935 quo
555 2880 600 2923 me
613 2861 697 2933 duee,
710 2878 766 2935 quo
778 2859 837 2918 lare
849 2871 940 2918 tuter:

189 2936 302 2994 Nullius
316 2938 446 2994 addictus
455 2939 550 3013 jurare
563 2939 593 2995 in
603 2939 688 2994 verba
701 2937 837 3014 magistri,

187 3012 257 3075 Qud
271 3034 316 3072 me
328 3033 441 3088 eunque
455 3016 527 3091 repit
539 3026 701 3093 tempestas,
714 3015 824 3074 deferor
836 3015 944 3091 hospes.
1091 3016 1128 3074 16

189 3089 218 3146 N
221 3109 278 3148 une
291 3093 372 3168 egilis
386 3092 432 3164 lio,
446 3103 475 3150 et
488 3111 593 3150 mersor
607 3092 736 3150 civilibus
749 3095 843 3165 undis,

189 3168 307 3226 Virtutis
321 3189 392 3226 verae
406 3181 510 3241 eustos,
525 3171 686 3245 rigidusque
700 3170 828 3227 satelles:

189 3244 276 3302 Nunc
289 3246 319 3302 in
333 3247 469 3322 Aristippi
484 3247 578 3304 furtim
592 3257 733 3322 preoeptu
746 3247 865 3320 relabor,
909 3284 911 3299 .

188 3319 226 3378 Et
238 3323 306 3380 mihi
320 3343 374 3396 res,
387 3343 445 3382 non
459 3343 504 3380 me
518 3324 602 3382 rebus
614 3325 779 3382 submittere
793 3343 887 3383 conor.

188 3397 227 3454 Ut
239 3417 295 3456 nox
307 3400 393 3475 longa
405 3401 505 3476 quibus
519 3402 609 3459 somni
622 3421 687 3478 pars
700 3403 786 3472 nulla,
800 3403 915 3476 diesque
1086 3401 1126 3460 2⁰

188 3475 286 3563 longa
299 3477 408 3534 videtur
420 3497 491 3553 opus
502 3479 674 3537 debentibus
685 3500 692 3549 ;
713 3491 745 3536 ut
756 3480 835 3555 piger
849 3497 940 3536 annus

188 3551 304 3626 Pnprllis
317 3571 386 3628 quos
400 3555 469 3611 dura
482 3557 583 3630 premit
596 3557 725 3614 custodia
737 3568 873 3613 mutmm:

189 3630 239 3684 Sic
252 3630 321 3686 mihi
333 3632 414 3687 tarda
427 3631 518 3688 fluunt
531 3634 695 3708 ingrataque
707 3646 842 3708 tempora,
856 3650 917 3708 quae
930 3649 1007 3708 spem

189 3705 401 3780 Consiliumque
415 3720 558 3766 morantur
572 3710 675 3784 agendi
688 3709 815 3784 gnaviter
828 3710 857 3766 id
867 3710 940 3783 quod

189 3778 282 3854 AElqud
297 3783 466 3857 pauperibus
479 3786 602 3858 prodest,
616 3783 801 3860 locupletibus
814 3783 905 3859 eque,
1084 3787 1125 3846 2³
