2550 4225
492 196 691 301 onumen
707 245 773 300 rm
784 208 812 295 r.

315 384 461 441 Proximos
474 383 513 439 illi
527 394 623 439 tamen
636 386 784 460 occuparit

469 460 563 517 Pallas
577 461 705 517 bonores.
805 488 807 494 ·

314 537 423 595 Proeliis
436 538 537 607 audax,
553 556 645 611 neque
659 549 686 593 te
699 538 797 610 silebo,

313 614 408 685 Liber,
421 625 451 670 et
463 614 543 669 saevis
556 614 674 670 inimica
684 616 764 689 virgo

313 691 434 759 Belluis3
455 709 510 753 nec
523 702 550 746 te
565 692 717 750 metuende
730 691 811 752 oertb

254 826 263 840 ,
467 768 574 825 Pboebe
587 769 698 842 sagitte.

313 844 417 903 Dicom
428 857 457 901 et
470 844 594 901 Alciden
605 866 612 913 -;
634 864 791 918 puerosque
804 845 901 916 Inde,

312 922 400 977 Hunc
414 922 503 993 equis,
519 920 598 977 illum
610 940 742 995 superare
755 924 858 997 pugnis

313 998 462 1056 Nobilem:
483 1016 600 1071 quorum
615 998 697 1054 simul
711 999 775 1055 albe
787 999 881 1060 nautio
953 1059 956 1065 ,

468 1075 557 1134 Stella
569 1075 686 1145 refulsit,

312 1151 418 1208 Defluit
430 1151 504 1207 saxis
517 1152 638 1225 agitatus
652 1152 767 1219 bomon

311 1229 475 1297 Concidunt
488 1230 573 1297 venti,
588 1228 754 1303 fugiuntque
767 1230 873 1297 nubes;

312 1304 350 1361 Et
362 1306 467 1375 minax,
481 1324 547 1362 nam
561 1306 602 1361 sic
616 1305 740 1375 voluere,
752 1317 840 1381 ponto

466 1382 551 1441 Unda
564 1383 710 1440 recumbit.

310 1460 463 1518 Romulum
478 1471 540 1533 post
554 1459 604 1515 hos
617 1456 705 1531 priirs,
718 1478 755 1516 on
767 1460 893 1533 quietum

311 1537 431 1611 Pompili
445 1554 564 1608 regnum
578 1551 793 1603 memoremur
804 1538 940 1609 superbos

309 1611 450 1687 Tarquini
464 1611 565 1680 fasces,
579 1610 687 1679 dubito,
699 1630 735 1671 no
750 1612 869 1673 Catonis

465 1686 570 1744 Nobile
584 1688 681 1745 letum.

309 1766 463 1841 Regulum,
476 1776 505 1823 et
519 1766 652 1834 Scauros,
665 1766 822 1840 animone
835 1784 946 1842 magnae
997 1786 1001 1793 ‘

310 1844 463 1915 Prodigum
472 1842 610 1911 Paulum,
622 1856 771 1925 superante
784 1844 883 1913 Poeno,

309 1920 412 1976 Gratus
423 1918 527 1991 insigni
541 1918 822 1989 reseremC-amoeni,

466 1994 692 2070 Fabriciumque.

311 2072 407 2144 Hono,
421 2082 450 2129 et
462 2073 611 2146 incomptis
624 2074 741 2136 Curium
756 2073 874 2148 capillis,

309 2149 415 2207 Utilem
429 2151 503 2212 bello
516 2151 591 2217 colit,
604 2161 634 2205 ot
647 2150 811 2219 Camillum,

309 2227 390 2282 Saeva
403 2237 561 2300 paupertas,
574 2238 603 2281 ot
616 2227 706 2281 avitus
720 2237 785 2300 apto

469 2301 544 2356 Cum
558 2302 616 2356 lare
630 2303 742 2356 tirndus.

271 2433 273 2438 ,
309 2378 423 2435 Crescit
435 2376 548 2432 occulto
562 2370 637 2430 velut
650 2378 730 2432 orbor
745 2395 820 2431 aevo-

309 2455 400 2511 Fama
414 2451 544 2508 Marcelli
554 2470 564 2516 :¹
583 2451 669 2508 micat
681 2451 753 2512 inter
766 2468 867 2507 omnes

311 2531 420 2588 lulium
435 2528 522 2598 sidus,
538 2527 612 2583 velut
627 2527 699 2583 inter
713 2529 793 2604 ignes

468 2605 550 2660 Luna
563 2605 694 2661 minores.

310 2683 410 2742 Gentis
424 2683 554 2740 bumanae
569 2693 646 2756 peter
660 2694 742 2757 etque
756 2693 861 2753 custos,
953 2717 956 2722 -

311 2759 381 2816 Orte
397 2761 527 2830 Saturno,
541 2759 591 2816 tibi
605 2779 675 2817 curo
687 2761 795 2835 magni

311 2837 431 2894 Caesaris
444 2837 507 2894 satis
522 2837 602 2904 datc;
623 2848 653 2893 tu
667 2839 794 2894 secundo

465 2913 580 2970 Caesare
594 2932 703 2986 regnes.

311 2991 374 3062 Ille,
386 3009 437 3054 seu
452 2989 571 3045 Parthos
585 2985 666 3044 Latio
679 2990 860 3048 imminentes

311 3067 408 3142 Egerit
419 3067 494 3142 justo
508 3064 626 3121 domitos
640 3064 789 3138 triumpho,

310 3146 376 3202 Sive
390 3144 531 3218 subjectos
544 3141 671 3198 Orientis
683 3160 740 3201 orte

385 3247 387 3251 ’
468 3221 552 3278 seras
565 3229 595 3274 et
607 3219 704 3289 Indos,

310 3297 360 3355 To
370 3297 460 3357 minor
473 3297 561 3354 latum
575 3308 654 3370 reget
667 3314 763 3369 equus
775 3296 889 3355 orbem:

310 3374 357 3430 Tu
371 3374 447 3449 gravi
462 3393 546 3432 curru
559 3374 668 3446 quaties
681 3371 850 3447 Olympum3

265 3503 273 3520 ,
309 3451 357 3508 Tu
371 3449 470 3525 partim
484 3450 569 3508 castis
582 3450 697 3506 inimica
710 3450 805 3506 mittes
907 3484 912 3492 ·

465 3527 597 3590 Fulmina
610 3526 691 3582 lucis.
