2550 4225
457 302 488 359 Q.
506 302 650 350 HORATII
667 301 789 351 uincor

525 518 608 574 ODE
628 520 725 575 XXV.

520 652 559 690 An
573 653 727 691 vertutum.

293 750 321 807 0
332 748 450 819 Venus,
463 750 563 824 regina
575 750 663 806 Gnidi
677 750 830 824 Paphique,

293 828 401 901 Sperne
415 826 546 882 dilectam
561 826 684 901 Cypron,
698 837 727 883 et
739 828 864 883 vocantis

294 904 394 960 Thure
408 915 436 961 te
451 904 538 959 multo
548 904 676 977 Glycerae
690 906 822 960 decoram

529 979 666 1037 Transfer
680 982 709 1036 in
724 982 821 1037 aedem.

294 1057 431 1114 Fervidus
444 1066 538 1111 tecum
552 1076 630 1129 puer,
645 1067 675 1112 et
687 1059 785 1112 solutis

293 1134 399 1189 Gratiae
413 1133 502 1202 zoniS,
516 1144 720 1205 properentque
734 1132 764 1187 N
764 1134 884 1206 ymphae‚

296 1210 334 1265 Et
346 1227 444 1283 parum
458 1208 547 1263 comis
559 1209 620 1264 sine
633 1220 661 1265 te
676 1209 812 1265 Juvtntas

528 1284 750 1359 Mercuriusque.

478 1460 764 1476 *ι-ιῌ--ο

521 1591 604 1648 ODE
623 1592 736 1650 XXVI.

512 1725 551 1761 nn
565 1726 744 1763 monimum.
805 1706 813 1716 ’

297 1824 381 1885 Qum
395 1822 557 1877 dedicatum
570 1823 661 1895 poscit
675 1822 836 1896 Apollinem

298 1900 405 1957 Vctesl
425 1898 492 1971 quid
505 1909 575 1967 orat,
590 1899 625 1953 de
638 1899 735 1973 paterii
748 1919 851 1956 novum

336 1975 472 2032 Fundens
485 1975 640 2047 liquorem?
680 1976 747 2031 Non
760 1978 867 2050 opimas

378 2052 515 2107 Sardiniae
529 2062 640 2125 segetes
653 2052 768 2120 feracis3

298 2131 365 2188 Non
380 2139 506 2185 aestuosae
519 2140 598 2203 grata
612 2129 751 2186 Calabriae

299 2210 438 2266 Armenta
446 2225 453 2273 ;
476 2224 533 2261 non
548 2225 648 2262 aurum
662 2217 711 2263 aut
723 2208 792 2263 ebur
806 2206 937 2264 Indicum
949 2228 956 2276 ς

306 2304 309 2310 ·
337 2282 403 2339 Non
417 2301 482 2338 rura
495 2299 556 2356 quae
570 2283 644 2338 Liris
657 2285 751 2358 quieti

377 2359 491 2416 Mordet
504 2361 587 2434 aquil,
601 2362 758 2422 taciturnus
772 2365 871 2419 amnis.

299 2441 432 2497 Premant
445 2437 554 2494 Caleni
569 2438 651 2510 falce,
665 2440 765 2512 quibus
779 2440 857 2496 dedit

299 2517 434 2588 Fortuna,
449 2515 549 2571 vitem:
565 2517 642 2571 dives
656 2528 684 2571 et
698 2519 789 2572 aureis

340 2593 481 2650 Mercator
495 2593 618 2648 exsiccet
632 2592 744 2648 culullis

376 2668 452 2724 Vina
466 2669 537 2740 Syrti
551 2679 678 2741 reparata
691 2688 795 2738 merce,

300 2747 353 2804 Dis
366 2762 448 2801 carus
463 2745 544 2818 ipsis3
566 2745 669 2818 quippe
683 2756 724 2800 ter
738 2756 767 2800 et
779 2757 876 2819 quater

301 2827 387 2881 Anno
400 2822 524 2876 revisens
539 2839 632 2893 aequor
646 2821 822 2878 Atlanticum

339 2898 469 2974 Impune.
512 2897 561 2952 Me
574 2910 693 2972 pascant
712 2900 802 2972 olivae,

379 2980 428 3036 Me
442 2977 581 3045 cichorea,
595 2976 725 3050 levesque
740 2978 845 3034 malvae.

302 3057 371 3114 Frui
384 3055 487 3133 paratis
500 3065 529 3110 et
542 3053 633 3110 valido
646 3055 726 3126 mihi,

303 3135 402 3206 Latoe,
417 3137 513 3202 dones,
528 3142 566 3201 et,
577 3151 685 3204 precor,
701 3133 810 3205 integri

341 3213 416 3269 Cum
430 3222 539 3276 mente;
559 3227 613 3264 nec
627 3219 737 3283 turpem
752 3218 894 3264 senectam

379 3288 500 3364 Degere,
514 3305 568 3342 nec
582 3286 692 3342 cithari
706 3296 857 3342 carentem.
