2550 4225
477 306 676 357 CARMINUM
692 307 757 358 mn.
774 310 824 359 111.
847 328 855 339 ·

427 448 627 506 Veiox'mente
641 450 734 506 nonii
765 449 880 511 Quibus

272 528 372 586 Antris
384 527 491 603 egregii
505 526 627 584 Caesaris
641 528 740 584 audiar

429 604 581 661 AEternnm
595 606 737 663 meditans
750 605 836 663 docus

271 683 367 740 stellis
381 682 504 739 inserere
518 694 547 739 et
560 684 679 740 oonsilio
692 682 788 739 Jovis'r

236 826 241 835 1
429 760 532 816 Dicam
547 760 669 835 insigne,
684 778 794 833 reeens,
808 762 903 817 adhue

271 838 416 896 indictum
430 856 478 895 ore
493 837 556 895 alio.
590 837 660 895 Non
672 856 756 895 seeus
770 839 800 894 in
810 840 888 914 jugis

428 914 688 991 Exsonmisstnpet
701 913 796 988 neas,
865 922 868 925 ’

272 993 401 1052 Hebrum
415 993 598 1069 prospicienti,
612 1005 641 1050 et
654 994 719 1049 nive
733 994 883 1050 candidam

428 1070 572 1141 Thracen,
587 1090 621 1126 oe
633 1072 707 1146 pede
721 1071 839 1129 barbaro
960 1079 964 1085 '

271 1149 430 1207 Lustratum
444 1148 613 1223 Rhodopen.
649 1149 688 1205 Ut
700 1149 771 1204 mihi
784 1149 867 1205 devio

429 1226 520 1301 Ripae
534 1237 562 1282 et
576 1244 698 1283 vacnum
711 1238 813 1283 nemus

273 1302 466 1361 Mirarilibet!
502 1304 530 1360 Ο
544 1302 690 1360 Naiadum
703 1314 813 1378 potens,
859 1302 862 1313 “

428 1382 662 1457 Baccharumque
675 1382 829 1438 valentium

271 1458 406 1517 Proeerss
420 1460 550 1517 manibus
563 1470 671 1517 vertere
685 1460 822 1517 fraxinos!

318 1570 321 1572 >
423 1534 479 1593 ¹Nil
492 1553 619 1611 parvum,
634 1546 682 1591 aut
694 1536 795 1592 humili
808 1536 902 1605 modo,

272 1612 322 1671 Nil
336 1614 452 1673 mortale
465 1614 570 1687 loquer.
606 1613 698 1669 Dulee
712 1614 882 1686 periculum,

429 1691 457 1748 Ο
470 1690 585 1761 Lenaee3
600 1691 679 1764 sequi
694 1690 778 1747 deum

272 1770 443 1846 cingentem
457 1768 538 1826 viridi
546 1778 678 1845 ,tempora
690 1769 838 1844 pampino!

557 2080 641 2138 ODE
654 2080 724 2140 XX,

532 2217 571 2254 An
591 2217 748 2255 VENEREM.

310 2315 382 2372 V1x1
396 2313 506 2370 choreis
521 2331 611 2386 nuper
625 2314 753 2383 idonens,

310 2392 347 2449 Et
360 2389 477 2446 militavi
490 2406 548 2444 non
563 2389 624 2443 sine
637 2388 744 2465 glorisi:

348 2467 439 2526 Nune
450 2483 530 2522 erma
544 2464 766 2539 defunctumque
779 2466 852 2524 beilo

386 2543 521 2604 Barbiton
536 2543 583 2600 hic
595 2543 688 2618 paries
699 2544 823 2615 habebit,

310 2623 425 2682 Laevnm
440 2623 561 2678 marinae‘
572 2623 620 2696 qni
634 2621 755 2680 Veneris
768 2623 842 2678 letus

312 2699 450 2760 custodit.
492 2698 561 2770 Hie,
575 2698 623 2757 hic
636 2701 733 2776 ponite
746 2700 842 2758 lueida

350 2779 471 2836 Funnlie
483 2789 512 2834 et
525 2789 619 2834 vectes
633 2789 662 2834 et
675 2798 759 2836 arcus

319 2881 324 2892 ¹
388 2855 534 2930 Oppositis
548 2855 653 2912 foribus
667 2858 802 2915 minaoes.

311 2935 339 2991 Ο
352 2953 414 3008 quae
429 2934 550 3001 beatam,
565 2932 638 3002 diva,
653 2943 733 2989 tenes
746 2935 883 3008 Cyprum,
897 2943 926 2989 et

311 3009 460 3086 Memphin
474 3017 618 3064 carentem
634 3010 764 3066 Sithonii
778 3011 852 3078 nive,

349 3089 474 3164 Regina,
489 3085 602 3142 sublimi
616 3084 727 3160 flagelio

388 3165 492 3242 Tange
506 3163 619 3221 Chloen
633 3164 721 3222 semel
735 3170 920 3239 arrogantem.

441 3529 443 3534 .
551 3473 635 3531 ODE
649 3473 734 3530 XXI.

524 3612 565 3650 An
586 3610 755 3648 omnnem.

311 3709 415 3767 Imrio's
428 3723 518 3785 perrae
531 3689 685 3767 recinentis
698 3726 781 3764 omen

311 3787 415 3857 Busan,
429 3799 458 3844 et
470 3805 620 3863 praegnans
634 3786 723 3857 canis,
738 3796 786 3842 aut
798 3783 835 3841 ab
848 3803 916 3859 agro
