2550 4225
490 310 521 365 Q.
539 264 685 357 110Rii'r11
702 308 826 360 FLACCI

443 447 610 507 Refraenare
624 450 778 523 licentiam,

286 530 388 587 Clarus
400 530 582 604 postgenitis:
605 540 753 603 quatenus,
767 532 824 587 heu
838 532 932 596 nesasl

443 606 586 663 Virtutem
601 607 772 665 incolumem
786 608 908 682 odimus,

289 684 435 744 Sublatam
448 704 484 741 ex
497 686 588 741 oculis
600 685 761 759 quaerimus,
776 687 871 745 invidi.

444 762 525 823 Quid
540 764 632 819 tristes
646 765 838 838 querimonia,

289 842 321 900 Si
334 860 392 899 nou
406 834 543 916 supplicio
556 840 640 915 culpa
653 842 809 898 reciditurl

395 956 400 960 -
444 919 525 979 Quid
538 918 625 994 legeS,
640 919 701 975 sine
715 920 839 977 moribus

187 1051 192 1061 ,
289 998 390 1068 Vanae,
404 996 574 1073 proliciunt?
596 997 619 1053 si
633 1013 726 1070 neque
740 998 853 1057 fervidis

444 1074 512 1130 Pars
527 1074 636 1129 inclusa
650 1071 791 1131 caloribus

281 1152 402 1223 Mundi,
416 1168 471 1207 nec
485 1150 581 1231 porea
593 1150 743 1207 finitimum
757 1152 840 1222 latus,

445 1227 615 1301 Durataeque
630 1228 689 1284 solo
702 1229 792 1300 niveS,

290 1305 477 1363 Mercatorem
492 1304 630 1380 abigunt?
650 1304 763 1362 horrida
777 1305 873 1362 callidi

446 1383 576 1440 Vincunt
590 1401 702 1457 aequora
715 1385 835 1441 naviter

290 1460 429 1536 Magnum
443 1462 591 1537 pauperies
604 1462 784 1536 opprobrium
795 1462 876 1537 jubet

445 1539 569 1600 Quidvis
582 1551 611 1596 et
625 1540 717 1596 faeere
731 1550 760 1597 et
772 1540 840 1615 pati,

289 1617 464 1692 virtutisque
479 1618 551 1674 viam
566 1619 696 1674 deserere
711 1618 827 1675 arduael

446 1695 500 1751 Vel
515 1714 567 1752 nos
580 1696 610 1751 in
624 1696 805 1769 Capitolium,

288 1771 359 1834 Quo
373 1773 478 1829 clamor
492 1783 573 1829 vocat
586 1784 615 1827 et
628 1773 711 1828 turba
724 1772 886 1845 faventium,

446 1850 500 1906 Vel
515 1868 568 1907 nos
583 1850 612 1906 in
626 1868 705 1905 mare
717 1851 876 1925 proximum

289 1929 433 1999 Gemmas,
448 1938 476 1983 et
489 1927 605 2002 lapides,
621 1939 762 1984 autumet
776 1928 885 2000 inutile,

447 2005 557 2062 Summi
571 2005 717 2061 materiam
731 2006 808 2076 mali,

289 2082 446 2155 Mittamus,
461 2082 599 2139 scelerum
614 2084 637 2140 si
652 2082 725 2139 bene
739 2084 864 2160 poeuitet.

445 2159 597 2217 Eradenda
611 2161 752 2236 cupidinis

289 2239 370 2298 Pravi
384 2250 450 2296 sunt
464 2240 620 2309 elementa3
642 2252 671 2297 et
684 2251 788 2296 tenerae
802 2241 888 2299 nimis

352 2315 355 2320 ’
445 2313 559 2374 Montes
573 2318 761 2394 asperioribus

288 2391 456 2453 Formandae
471 2396 578 2453 studiis.
613 2395 715 2454 Nescit
727 2401 801 2472 ‘equo
815 2398 893 2456 rudis

444 2473 562 2531 Haerere
576 2475 718 2550 ingenuus
730 2490 810 2550 puer,
946 2523 949 2529 .

288 2549 449 2628 Venerique
463 2552 543 2611 timet
552 2573 560 2624 ;
580 2551 679 2608 ludere
693 2554 810 2624 doctior,
864 2534 949 2685 W

446 2633 504 2688 Seu
515 2629 619 2689 'Graeco
627 2631 730 2704 jubeas
743 2631 863 2702 trocho,

290 2710 348 2765 Seu
362 2710 443 2766 malis
456 2707 541 2764 vetitis
557 2707 667 2780 legibus
680 2705 759 2762 nied:

444 2785 543 2844 Quum
557 2784 669 2858 perjura
682 2783 768 2858 patris
781 2776 852 2841 fides

288 2863 455 2925 consortem
469 2862 578 2920 socium
592 2861 670 2922 lallat
682 2872 711 2918 at
723 2862 872 2938 hospitem,

445 2939 624 3016 Indignoqus
638 2942 790 3015 pecuniam

290 3018 404 3075 Haeredi
417 3029 554 3094 properet.
590 3019 707 3077 Scilicet
720 3019 853 3095 improbae

444 3097 586 3154 Crescunt
600 3098 721 3154 divitie:
742 3108 837 3154 tamen

289 3174 384 3232 Curta
399 3174 495 3232 nescio
508 3176 574 3250 quid
588 3192 699 3250 semper
713 3175 792 3230 abest
805 3175 855 3231 rei.

571 3485 655 3542 ODE
676 3481 760 3542 XIX.

563 3623 602 3660 An
617 3621 768 3661 BACGHUM.

446 3719 516 3781 Qud
530 3737 586 3791 me,
601 3719 725 3791 Bacche,
738 3719 814 3795 rapis
827 3719 879 3792 tui,

290 3799 429 3858 Plenuml
449 3797 524 3858 Qum
538 3813 664 3870 nemora,
678 3815 747 3872 quos
761 3817 828 3875 agor
843 3800 873 3855 in
886 3817 997 3874 specus,
