2550 4225
492 338 524 393 Q.
541 336 688 385 nomn
703 336 827 388 trucul

329 478 374 536 sit
386 476 487 535 modus
500 478 573 533 lasso
586 477 681 547 maria,
694 487 724 534 et
736 477 854 547 viarum,

382 596 389 605 .
485 554 668 627 Militimquel

328 631 411 690 Unde
425 632 449 688 si
463 632 560 689 Parce
573 632 722 704 prohibent
736 630 849 704 iniquae,

326 708 420 766 Duloe
433 709 536 785 pellitis
548 710 647 765 ovibus
659 708 763 769 Galesi

327 786 459 857 Flumen,
472 797 501 843 et
513 796 629 861 regnata
642 796 736 861 petam
749 783 857 843 Laconi

483 863 566 920 Rura
579 863 725 919 Phalanto.
749 904 762 917 ,.

326 940 380 998 llle
393 951 530 997 terrarum
544 941 614 997 mihi
625 951 728 1015 praeter
740 958 841 996 omnes

327 1017 556 1092 Anguluoridet,
570 1019 618 1074 ubi
632 1037 692 1073 non
707 1016 842 1090 Hymetto

326 1093 414 1151 Mella
427 1096 580 1165 decedunt,
595 1095 730 1167 v'ridique
744 1104 834 1151 oertat

482 1168 576 1227 Ba'tea
613 1172 730 1237 enustm
742 1178 760 1207 ⁴

327 1248 386 1305 Ver
399 1248 449 1303 ubi
462 1246 588 1321 longum,
602 1248 766 1323 tepidasque
779 1245 887 1321 prabet

325 1324 436 1399 Jupiter
451 1325 578 1392 brumae3
599 1335 628 1381 et
641 1324 750 1380 amiens
764 1323 860 1379 Aulon

327 1400 425 1459 Fertili
438 1401 554 1471 Baccho
567 1398 859 1476 miriimumllalernie

262 1524 274 1537 a
482 1478 596 1537 Invidet
610 1480 684 1537 uvis
857 1535 861 1545 ,

326 1554 379 1613 Ille
391 1566 419 1613 te
433 1574 545 1613 mecum
559 1558 640 1620 loeus
652 1568 681 1614 et
694 1556 784 1613 beatae
820 1547 831 1565 ⁹

231 1686 235 1691 .
325 1634 472 1692 Postulant
485 1641 585 1692 arena?
602 1622 686 1715 ilitn
699 1634 841 1691 calentem

324 1709 429 1769 Debita
440 1720 557 1787 apar'ges
570 1712 696 1787 lacryma
709 1710 832 1769 favillam

397 1818 402 1827 ·
480 1789 562 1846 Vatis
576 1791 670 1872 amici.
758 1814 765 1829 =

589 2092 675 2152 ODE
688 2094 724 2152 V.
808 2104 818 2124 ⁸

548 2231 589 2268 An
601 2229 775 2269 vomerum..

323 2327 353 2385 Ο
365 2347 446 2388 arara
461 2346 574 2386 meeum
587 2339 698 2404 tempus
711 2328 740 2384 in
755 2323 886 2386 ultimu‘m

256 2453 264 2468 a
323 2403 465 2476 Deduete,
479 2404 567 2464 Bruto
580 2407 687 2464 militie
701 2407 785 2477 duee,

322 2527 324 2532 .
358 2484 439 2546 Quis
452 2496 480 2542 te
493 2485 640 2542 redonavit
651 2485 797 2546 Quiritem

401 2562 456 2620 Die
471 2563 579 2640 patriis,
593 2563 721 2635 Italoque
734 2562 827 2631 eoelo,·
924 2631 928 2638 Ι

324 2639 451 2714 Pompei,
465 2658 592 2698 meorum
606 2640 696 2712 prime
709 2637 870 2693 sodaliuml

323 2717 398 2773 Cum
411 2736 468 2790 quo
481 2728 635 2775 morantem
651 2712 725 2788 saepe
740 2714 815 2771 diem
829 2731 908 2771 mero

362 2791 458 2866 Fregi,
471 2804 621 2852 coronatus
634 2791 757 2846 nitentes

317 2907 320 2910 -
402 2869 579 2928 Malobathro
593 2869 675 2942 Syrio
688 2867 826 2941 capillosl

166 2905 170 2914 «
205 2938 207 2944 ¹
323 2947 435 3004 Tecum
449 2947 593 3022 Philippos
603 2957 632 3003 et
645 2945 766 3002 celerem
782 2946 878 3022 fugam

322 3026 417 3097 Sensi,
431 3026 529 3085 relicti
543 3033 600 3082 n‘on
615 3026 688 3080 bene
701 3024 840 3098 parmula,

359 3103 462 3164 Quum
477 3105 565 3163 fraeta
578 3103 667 3160 virtus
679 3113 708 3158 et
721 3103 848 3159 minaces

400 3181 499 3257 Turpe
511 3183 602 3240 solum
615 3176 735 3252 tetigere
749 3190 853 3235 mento.
910 3192 933 3227 f

323 3259 380 3316 Sed
394 3277 440 3316 me
452 3279 502 3334 per
517 3255 786 3332 houtesMerourius
798 3254 873 3312 eeler
953 3258 958 3266 ’

322 3334 420 3393 Denso
433 3349 580 3411 paventem
595 3333 708 3390 sustulit
721 3336 803 3389 aere:
837 3385 844 3396 ,

360 3412 406 3471 Te
420 3433 518 3470 rursus
532 3415 561 3471 in
575 3412 680 3468 bellum
695 3409 842 3469 resorbens
886 3449 892 3456 »

399 3489 483 3547 Unda
497 3492 574 3548 sretis
587 3488 652 3553 tulit
664 3487 799 3544 aemuoeia.

199 3597 202 3602 ·
321 3565 397 3641 Ergo
409 3568 561 3643 obligatam
575 3567 662 3625 redde
675 3564 740 3622 Jovi
754 3565 865 3641 dapem,

321 3642 476 3719 longique
489 3646 594 3703 sessum
608 3642 707 3700 militia
720 3641 795 3699 latua

360 3719 479 3795 Depone
493 3724 547 3779 sub
560 3724 640 3780 lauro
653 3720 732 3777 meti:
753 3738 808 3777 nee

400 3797 488 3856 Paree
501 3800 581 3858 uadis
594 3799 646 3857 tibi
658 3797 812 3856 destinatis.
