2550 4225
409 305 653 355 EPISTOLARUM
669 308 734 357 ΗΒ.
751 309 774 357 l.
789 312 814 357 d.

159 442 239 501 Bella
270 442 315 499 uis
327 452 356 499 et
367 461 453 517 paces
466 444 582 519 longum
595 444 728 503 diffundit
740 446 771 503 in
784 451 898 505 eruml

115 572 117 589 ,
159 518 240 581 Quid
285 519 359 589 itius,
373 518 505 577 Romana
519 520 595 577 brevi
610 532 743 579 venturus
755 523 786 579 in
798 543 858 596 ora,

160 594 305 654 Pindarici
320 595 403 653 sontis
415 596 465 670 qui
478 616 535 655 non
549 597 683 672 expalluit
693 600 818 671 haustus,

160 671 300 730 Fastidire
313 672 391 729 lacus
404 684 433 730 et
445 674 518 731 rivos
531 693 617 731 ausus
627 677 757 749 apertos?

150 748 199 806 -Ur
211 748 307 806 valeti
327 760 358 805 ut
371 750 500 806 meminit
512 751 620 808 nostrii
640 752 780 809 fidibusne
793 752 902 812 Latinis

160 824 316 883 Thebanos
330 836 425 900 aptare
438 828 537 883 modos
549 829 653 899 studet,
666 829 782 903 auspice
795 828 902 887 Musdl

161 903 208 959 An
221 901 331 976 tragicis
344 904 458 959 desevit
471 914 500 960 et
512 904 680 980 ampullatur
693 906 723 962 in
737 908 818 963 artal

158 978 238 1039 Quid
249 978 320 1034 mihi
334 978 436 1035 Celsus
449 980 527 1054 agitl
547 982 679 1052 monitus,
691 980 867 1058 multquuo
874 987 1042 1058 monendus,
1059 988 1096 1044 lb

160 1055 284 1112 Privatae
298 1066 329 1111 ut
341 1066 447 1128 querat
460 1076 537 1132 opes,
551 1068 581 1114 et
593 1069 709 1132 tangere
723 1059 789 1115 vitet

160 1132 270 1207 Scripta
283 1131 428 1188 Palatinus
441 1151 616 1208 quacunque
630 1135 736 1209 recepit
749 1136 868 1210 Apollo:

159 1207 213 1280 Ne,
227 1209 252 1265 si
266 1206 337 1265 forte
350 1226 415 1265 suas
428 1208 576 1283 repetitum
591 1211 696 1268 venerit
706 1212 775 1269 olim

158 1286 235 1342 Grex
247 1286 341 1342 avium
355 1285 474 1359 plumas,
489 1297 599 1343 moveat
611 1289 757 1344 cornicula
769 1289 866 1360 risum,
936 1334 939 1340 .
1044 1316 1050 1333 =

159 1361 280 1419 Furtivis
294 1362 400 1418 nudata
412 1362 559 1419 coloribus.
601 1363 666 1438 Ipse
679 1366 746 1440 quid
760 1366 868 1423 audesl
1053 1369 1094 1426 ἣ)

157 1439 233 1501 Qua
246 1438 453 1495 circumvolitas
468 1440 550 1513 agilis
562 1441 678 1513 thyma?
697 1460 756 1498 non
769 1442 822 1498 tibi
834 1460 951 1517 parrum

158 1514 321 1592 Ingenium,
335 1534 392 1572 non
406 1516 544 1573 incultum
558 1528 610 1587 est,
625 1535 680 1573 neo
693 1519 810 1592 turpiter
823 1520 936 1580 hirtum.

158 1593 216 1649 Seu
229 1593 357 1667 linguam
373 1594 466 1648 causis
480 1593 568 1663 acuis,
582 1611 633 1649 seu
646 1595 738 1650 civica
747 1594 811 1668 jura

158 1670 344 1745 Respondere
357 1687 448 1743 paras,
462 1688 513 1725 seu
526 1669 626 1726 condis
640 1670 760 1726 amabile
772 1689 898 1744 carmen,

156 1748 251 1804 Prima
265 1747 337 1803 seres
351 1746 463 1802 hederae
477 1747 599 1803 victricis
612 1748 743 1822 praemia:
763 1744 839 1821 qubd
852 1750 877 1805 si
1050 1751 1090 1808 Ἃ

156 1824 271 1919 Frigida
285 1841 416 1880 curarum
431 1822 554 1882 fomenta
567 1824 725 1899 relinquere
737 1843 843 1899 posses,

155 1901 224 1962 Quo
239 1912 267 1958 te
281 1900 402 1957 caelestis
415 1901 552 1975 sapientia
565 1902 692 1971 duceret,
705 1901 769 1957 ires.

155 1976 220 2035 Hoc
235 1996 314 2053 opus,
330 1978 383 2033 hoc
397 1978 519 2034 studium
534 1980 609 2053 parvi
623 1997 803 2053 properemus
815 1989 845 2036 et
857 1980 953 2055 ampli,

156 2055 187 2112 Si
200 2056 297 2130 patrias
311 2054 447 2125 volumus,
462 2056 486 2112 si
500 2056 590 2127 nobis,
605 2056 696 2113 vivere
709 2056 776 2114 cari.

192 2132 288 2189 Debes
302 2132 356 2188 hoc
368 2132 452 2188 etiam
466 2133 630 2204 rescribere,
644 2135 668 2189 si
681 2133 733 2191 tibi
745 2152 831 2204 curae,
1045 2135 1089 2193 30

153 2209 278 2270 Quantae
291 2209 449 2280 conveniat,
464 2209 628 2267 Munatius:
649 2229 686 2266 an
700 2209 773 2266 meld
788 2222 863 2268 sarta

153 2287 251 2342 Gratia
264 2285 451 2360 nequidquam
465 2287 522 2342 coit
535 2297 563 2342 et
577 2286 764 2343 rescinditurl
784 2296 813 2343 at
826 2306 874 2343 vos

153 2364 212 2419 Seu
224 2363 333 2420 calidus
346 2363 471 2436 sanguis,
485 2381 535 2418 seu
548 2381 643 2419 rerum
656 2363 771 2418 inscitia
784 2373 866 2419 verat

152 2437 295 2496 Indomita
309 2439 419 2494 cervice
434 2439 515 2510 seros,
531 2439 691 2512 ubicunque
705 2439 831 2495 locorum

152 2514 265 2586 vivitis,
279 2515 388 2590 indigni
404 2515 556 2574 fraternum
570 2534 700 2591 rumpere
713 2515 814 2585 fredus,

152 2591 280 2650 Pascitur
293 2593 323 2649 in
337 2603 459 2650 vestrum
472 2593 594 2651 reditum
607 2593 699 2651 votiva
708 2593 839 2668 juvenca.

464 2897 664 2954 sersaoni
686 2899 738 2972 ru.

417 3031 458 3068 ab
478 3029 593 3068 Anulum
612 3031 774 3070 alsuanum.

151 3131 239 3203 Acar,
253 3141 411 3188 nostrorum
426 3146 589 3185 sermonum
602 3128 723 3185 candide
733 3129 832 3203 judex,

150 3209 230 3271 Quid
245 3226 323 3265 nunc
337 3219 366 3264 te
379 3207 471 3262 dicam
487 3207 579 3262 facere
593 3206 623 3262 in
637 3207 753 3280 regione
767 3204 902 3262 Pedandl

96 3295 99 3298 '
150 3286 280 3342 Scribere
294 3283 368 3358 quod
383 3282 464 3340 Cassi
479 3283 640 3340 Parmensis
652 3283 787 3357 opuscula
801 3283 916 3341 vincatl

149 3361 198 3418 An
211 3363 329 3418 tacitum
343 3360 425 3418 silvas
439 3361 511 3416 inter
525 3371 633 3434 reptare
647 3359 783 3430 salubres,

149 3437 305 3495 (iurantem
318 3438 453 3510 quidquid
467 3438 584 3511 dignum
599 3437 727 3511 sapiente
742 3437 871 3509 bonoque
882 3439 946 3494 esti
1061 3440 1081 3496 b

148 3512 215 3572 Non
229 3526 261 3571 tu
275 3533 376 3588 corpus
389 3533 451 3570 eras
464 3514 525 3570 sine
538 3525 660 3588 pectore.
701 3512 740 3569 Di
753 3514 804 3569 tibi
818 3514 945 3584 sormam,

147 3590 186 3647 Di
200 3592 251 3648 tibi
265 3591 375 3647 divitias
389 3592 535 3660 dederunt,
550 3602 693 3664 artemque
707 3590 826 3645 fruendi.
964 3602 968 3611 ·

185 3667 267 3728 Quid
282 3679 381 3725 voveat
393 3668 470 3724 dulci
485 3667 625 3723 nutricula
639 3666 729 3740 majus
742 3667 866 3738 alumno,

148 3744 210 3810 Qui
224 3764 323 3819 sapere
337 3744 431 3878 qqspri
444 3745 530 3818 possit
544 3761 606 3817 qua
619 3744 731 3813 sentiat,
745 3753 774 3801 et
787 3744 835 3801 cui
