2550 4225
461 308 667 359 sulcanum
683 312 748 361 ΗΒ.
765 314 838 364 ll-l.

525 526 681 583 SATIRA
702 526 754 584 IV.

566 690 709 724 EORUM.

189 753 288 821 Uene,
303 765 331 810 st
343 751 399 827 quo
415 754 532 811 Cetiusl

587 905 688 937 CATIVS.

656 990 724 1047 Non
737 1001 780 1046 est
793 992 862 1048 mihi
875 1003 987 1067 tempus
1000 994 1092 1059 aventi

190 1063 297 1120 Ponere
312 1064 394 1139 signa
408 1065 486 1120 novis
500 1067 657 1141 praeceptis,
670 1068 764 1140 qualia
776 1069 892 1126 vincent

189 1140 385 1215 Pythagoram,
402 1141 543 1216 Anytique
550 1150 646 1213 reum,
660 1144 830 1218 doctumque
843 1146 967 1203 Platone.

564 1292 707 1325 HORA'HUS·

189 1374 341 1431 Peccatum
356 1374 451 1443 fateor,
464 1394 549 1447 quum
565 1385 592 1431 te
606 1376 648 1431 sic
661 1385 785 1451 tempore
799 1378 869 1435 laevo

189 1451 411 1525 Interpellfsrim:
432 1452 491 1522 sed,
505 1453 555 1507 dee
568 1453 679 1509 veniam
693 1454 793 1525 bonus,
806 1474 863 1513 oro.
1103 1459 1125 1514 5

186 1525 276 1588 (lucu
290 1528 313 1583 si
328 1528 501 1585 interciderit
513 1529 563 1585 tibi
577 1548 656 1585 nunc
668 1530 782 1603 aliquid,
796 1543 906 1606 repetes
918 1550 1001 1601 mox;

188 1607 252 1661 Sive
267 1616 309 1661 est
322 1615 429 1662 nature
443 1607 507 1675 hoc,
520 1606 578 1661 sive
592 1606 668 1675 srtis,
682 1608 770 1663 mirus
778 1618 909 1684 utroque.

584 1755 685 1787 cautus.

186 1842 267 1903 Quin
282 1842 310 1899 id
324 1851 383 1899 erat
397 1858 481 1912 cure,
495 1860 549 1916 quo
562 1852 646 1917 pacto
659 1852 763 1900 cuncta
775 1851 915 1911 tenerem

187 1918 289 1994 Utpote
302 1938 347 1977 res
360 1930 469 1989 tenues,
483 1920 560 1995 tenui
575 1938 704 1976 sermone
716 1930 854 1994 peractas.
902 1963 1003 2033 saw.

563 2056 705 2103 nonarius.

187 2151 248 2208 Ede
261 2149 383 2208 hominis
396 2169 518 2209 nomen:
537 2153 621 2210 simul
634 2164 663 2210 et
676 2117 826 2221 &mantus
838 2175 876 2214 an
890 2156 999 2233 hospes
1018 2109 1021 2117 Ι
1086 2154 1123 2212 10

584 2303 685 2335 Cfflllb.

186 2386 251 2461 lpse
264 2389 371 2443 memor
383 2396 524 2461 precepta
536 2403 654 2455 cenam
676 2380 812 2450 celabitur
826 2398 932 2446 auctor.
994 2445 998 2451 ,

186 2463 286 2538 longa
298 2463 400 2552 quibus
413 2463 499 2520 facies
510 2463 571 2520 ovis
583 2463 646 2533 erit,
660 2462 707 2519 illa
716 2474 867 2534 memento,

185 2540 223 2597 Ut
236 2553 316 2596 succi
329 2541 451 2596 melioris
464 2551 492 2596 et
506 2551 537 2598 ut
550 2537 641 2615 magis
654 2540 729 2596 alma
742 2540 878 2611 rotundis,

186 2618 310 2676 Ponere:
330 2636 451 2691 nemque
465 2635 569 2674 marem
584 2617 718 2674 cohibent
730 2616 836 2674 callosa
849 2617 980 2674 vitellum.

185 2695 275 2752 Caule
288 2695 458 2766 suburbano,
471 2696 519 2769 qui
532 2695 616 2751 siccis
628 2695 718 2751 crevit
730 2695 761 2751 in
775 2695 859 2770 egris,

186 2772 302 2829 Dulcior
313 2792 320 2840 ;
341 2772 444 2848 irriguo
457 2773 527 2829 nihil
540 2783 583 2829 est
595 2772 700 2830 elutius
713 2774 800 2830 horto.

185 2851 217 2907 Si
230 2851 403 2924 vespertinus
417 2848 509 2906 subiti)
524 2861 552 2906 te
565 2851 732 2924 oppresserit
745 2851 855 2926 hospes,

184 2927 231 2984 Ne
244 2927 349 3002 gallina
362 2923 465 2983 mallim
480 2937 624 3000 responset
636 2927 707 2982 dura
719 2928 819 3000 palato,

185 3004 294 3062 Doctus
307 3005 363 3060 eris
377 3002 467 3059 vivam
481 3003 568 3058 mixto
581 3021 704 3058 mersere
717 3002 854 3062 Felemo:

188 3081 251 3138 Hoc
264 3093 390 3138 teneram
404 3078 496 3136 faciet.
538 3079 720 3136 pratensibus
731 3081 838 3154 optima
851 3079 959 3156 hrngis·
974 3099 987 3115 ι’
1075 3088 1078 3094 ’

185 3159 295 3216 Natura
307 3169 366 3226 est;
387 3157 449 3214 aliis
462 3154 536 3214 male
550 3157 682 3214 creditur.
724 3154 777 3213 Ille
790 3159 916 3214 salubres
1022 3226 1027 3232 p

187 3236 310 3296 AEstates
323 3245 447 3310 peraget,
461 3234 509 3308 qui
520 3234 608 3308 nigris
620 3234 740 3309 prandia
752 3236 838 3292 moris

185 3313 288 3382 Finiet,
303 3324 368 3370 ente
380 3331 494 3388 gravem
507 3329 570 3386 que
583 3312 683 3386 legerit
695 3312 794 3368 arbore
806 3313 902 3371 solem.

185 3389 394 3450 Aufidiuslorti
409 3390 546 3446 miscebat
559 3389 643 3446 mella
656 3389 793 3457 Falemo;
963 3385 970 3396 ⁸

184 3465 335 3538 Mendesii,
348 3467 480 3540 quoniam
495 3467 590 3522 vacuis
604 3467 780 3523 committere
794 3467 872 3522 venis

185 3545 232 3603 Nil
246 3545 303 3603 nisi
316 3545 380 3600 lene
394 3545 495 3601 decet:
515 3544 573 3600 leni
586 3544 740 3618 precordia
753 3543 844 3599 mulso

71 3647 91 3682 κ
170 3622 324 3696 ,ΡτοΙιιοήε
338 3619 446 3678 melihs.
488 3621 519 3677 Si
533 3622 604 3677 dura
617 3620 769 3677 morabitur
782 3620 870 3688 alvus,

186 3700 303 3776 Mytilus
315 3709 344 3756 et
357 3699 426 3754 viles
438 3698 544 3774 pellent
555 3696 696 3756 obstantia
709 3697 836 3768 conche,

185 3777 222 3836 Et
235 3777 339 3853 lapathi
354 3776 445 3833 brevis
460 3777 554 3847 herbe,
569 3776 618 3833 sed
633 3775 697 3834 elbo
712 3793 769 3832 non
782 3775 845 3833 sine
858 3775 928 3832 Coc.
