2550 4225
435 278 637 331 SATlRARUM
655 282 719 333 ua.
736 284 757 331 l.
774 285 798 331 8.

158 414 268 491 Injussi
282 432 427 489 nunquam
441 418 587 481 desistant.
620 421 727 477 Sardus
739 422 861 478 babebat
955 487 959 492 ,

159 490 215 548 Ille
229 491 371 567 Tigellius
385 494 446 549 hoc.
481 494 587 564 Caesar,
601 497 649 567 qui
663 515 765 571 cogere
778 508 880 570 posset,
910 548 915 554 .

159 568 194 623 Si
206 579 313 642 peteret
326 587 375 643 per
389 569 540 625 amicitiam
554 573 641 644 patris
654 583 737 645 atque
751 592 840 643 suam,
851 592 908 630 non
1083 573 1103 627 5

157 644 326 718 Quidquam
340 644 502 719 proliceret:
523 647 547 703 si
561 648 744 719 collibuisset,
758 650 794 705 ab
806 669 859 706 ovo

160 720 256 794 Usque
270 722 306 777 ad
320 722 395 777 mala
407 722 515 791 citaret,
537 728 554 752 ‘⁴
565 722 598 779 Io
612 725 755 795 Bacche,''
771 723 855 783 modi)
869 727 979 781 summai

160 798 251 868 Voce,
265 795 350 854 modi)
366 800 420 855 hac
433 809 545 853 resonat
557 818 619 871 quae
633 802 746 857 chordis
759 813 878 874 quatuor
891 803 956 859 ima.

160 874 211 930 Nil
225 874 331 947 aequale
345 874 452 931 homini
466 874 518 931 suit
531 875 590 930 illi:
611 876 685 950 saepe
700 878 775 936 velut
787 879 836 951 qui

160 951 302 1007 Currebat
315 950 427 1025 fugiens
441 952 566 1019 hostem3
587 952 712 1027 persaepe
727 955 802 1012 velut
815 957 863 1028 qui
1069 958 1103 1014 1⁰

160 1026 284 1085 Iunonis
297 1046 376 1083 sacra
390 1028 489 1083 ferret:
510 1027 631 1084 habebat
643 1028 717 1103 sepe
731 1032 877 1102 ducentos,

162 1102 246 1177 Saepe
261 1105 362 1159 decem
372 1122 481 1161 servos:
502 1101 586 1160 modi)
601 1124 682 1179 reges
694 1117 776 1179 atque
790 1109 952 1177 tetrarchus,
1023 1128 1029 1138 ·

162 1180 269 1237 Omnia
284 1198 386 1253 magna
399 1181 531 1254 loquens3
552 1179 647 1251 modi),
662 1184 736 1239 “Sit
749 1185 817 1239 mihi
831 1204 929 1241 mensa
942 1186 1038 1259 tripes,
1052 1198 1081 1240 et

134 1278 138 1289 ·
163 1257 284 1313 Concha
297 1258 363 1313 salis
376 1259 448 1331 puri,
462 1269 491 1315 et
503 1268 578 1331 toga,
592 1277 656 1330 quae
669 1260 821 1317 defendere
836 1262 933 1335 frigus,

162 1334 304 1395 Quamvis
318 1353 421 1405 crassa,
435 1336 545 1409 queat.''
568 1334 673 1391 Decies
687 1348 809 1393 centena
823 1339 947 1394 dedisses
1067 1340 1103 1394 15

163 1410 242 1470 Huic
255 1430 341 1485 parco
350 1412 448 1486 paucis
461 1422 604 1482 comeum,
615 1412 738 1485 quinque
752 1414 851 1469 diebus

164 1486 214 1544 Nil
228 1498 289 1545 erat
299 1489 328 1544 in
342 1488 457 1545 loculis:
479 1499 577 1545 noctes
590 1489 722 1561 vigilabat
735 1492 771 1546 ad
784 1491 876 1563 ipsum

165 1564 272 1633 Mane3
294 1566 369 1621 diem
382 1577 470 1622 totam
484 1566 633 1621 stertebat:
654 1565 693 1620 nil
708 1566 759 1621 suit
773 1585 896 1639 uuquam

165 1643 215 1710 Sic
228 1643 317 1717 impar
331 1640 393 1699 sibi.
428 1640 516 1697 Nunc
530 1641 628 1715 aliquis
642 1642 719 1697 dicat
731 1643 800 1697 milri
810 1642 936 1703 i—Quid
948 1647 999 1699 tul

164 1718 288 1776 Nullane
303 1720 390 1775 habes
404 1720 471 1775 vitia
480 1718 624 1774 l-Immo
637 1718 702 1788 alia,
717 1729 746 1774 et
760 1719 874 1775 sortasse
888 1720 1003 1777 minora.
1063 1722 1103 1776 20

205 1795 329 1853 Maenius
341 1796 486 1852 absentem
500 1794 623 1851 Novium
637 1814 724 1867 quum
737 1807 879 1869 carperet;
901 1797 1010 1854 “Heus
1022 1799 1081 1866 tu‚'’

163 1873 292 1934 Quidam
307 1874 373 1943 ait‚'’
395 1874 507 1947 ignoras
520 1873 568 1927 tel
589 1890 625 1927 an
640 1886 671 1928 ut
685 1874 812 1946 ignotum
825 1874 892 1929 dare
905 1874 986 1930 nobis
1146 1938 1150 1945 ⁸

164 1950 259 2007 Verba
272 1952 391 2024 putasl'’
433 1954 451 1979 “
464 1949 585 2023 Egomet
598 1948 637 2005 mi
651 1950 794 2023 ignosco,”
810 1949 933 2007 Manius
947 1951 1044 2024 inquis

166 2028 276 2087 Stultus
290 2036 319 2083 et
332 2027 474 2101 improbus
487 2026 534 2083 hic
548 2044 625 2083 amor
638 2037 691 2097 est,
705 2028 862 2101 dignusque
876 2029 973 2084 notari.

162 2104 265 2166 Quum
278 2115 328 2162 tua
339 2104 484 2180 pervideas
497 2104 586 2162 oculis
595 2104 673 2161 'mala
686 2104 778 2178 lippus
791 2104 923 2174 inunctis,
1065 2106 1104 2159 25

164 2180 224 2240 Cur
238 2184 267 2238 in
281 2183 435 2244 amicorum
449 2183 521 2240 vitiis
534 2194 592 2238 tam
606 2182 699 2238 cernis
712 2179 837 2250 acutium,

162 2258 263 2320 Quam
277 2269 326 2315 aut
339 2260 440 2332 aquila,
455 2269 503 2316 aut
516 2278 632 2332 serpens
645 2258 834 2331 Epidauriusl
856 2259 896 2314 At
908 2259 959 2314 tibi
972 2257 1071 2314 cenni

165 2334 279 2406 Evenit,
294 2337 436 2410 inquirant
449 2337 516 2392 vitia
529 2346 560 2391 ut
571 2344 619 2390 tua
632 2353 729 2390 rursus
742 2345 771 2390 et
784 2335 873 2390 illi.-

96 2415 104 2434 “
165 2411 332 2470 Iracundior
346 2424 388 2469 est
401 2411 502 2486 paulin:
525 2409 620 2468 mimis
633 2423 715 2485 aptus
729 2411 820 2480 acutis

164 2488 290 2546 Naribus
305 2491 404 2546 horum
418 2491 571 2546 hominum.
607 2489 708 2544 Rideri
722 2487 818 2620 plffisit
832 2484 867 2542 eb
881 2486 956 2559 qubd
1065 2489 1104 2546 30

164 2564 315 2623 Rusticiirs
328 2578 409 2623 tonso
421 2578 487 2641 toga
500 2565 608 2636 defluit,
622 2577 652 2622 et
664 2566 739 2621 male
777 2584 830 2620 uus

165 2642 201 2699 ln
213 2645 286 2718 pede
300 2645 413 2700 calceus
427 2644 603 2699 haeret-At
615 2654 659 2699 est
673 2644 773 2712 bonus,
787 2652 818 2701 ut
832 2642 928 2698 melior
942 2641 983 2696 vir

166 2719 232 2778 Non
246 2721 319 2777 alius
331 2721 494 2793 quisquam:
515 2731 544 2776 at
556 2721 606 2776 tibi
620 2721 744 2775 amicus:
765 2730 794 2775 at
807 2718 952 2793 ingenium
967 2718 1066 2790 ingens

167 2797 279 2854 Inculto
293 2797 360 2854 latet
374 2798 427 2853 hoc
442 2798 495 2852 sub
508 2815 631 2870 corpore.
666 2796 796 2870 Denique
809 2808 838 2852 te
852 2796 943 2870 ipsum

166 2873 307 2944 concute,
322 2893 390 2930 rrum
404 2891 459 2947 que
472 2873 523 2928 tibi
536 2873 666 2928 vitiorum
680 2873 811 2947 inseverit
823 2873 891 2930 olim
1067 2871 1107 2926 35

166 2949 286 3020 Natura,
301 2951 447 3008 autetiam
461 2949 636 3004 cousuetudo
649 2950 736 3004 mala:
758 2968 878 3022 namque

167 3026 197 3081 N
198 3027 316 3102 eglectis
329 3028 438 3083 urenda
451 3025 510 3080 filix
523 3024 678 3088 innascitur
692 3026 774 3098 agris.

207 3103 280 3160 Illuc
295 3115 503 3180 praevertamur,
518 3112 671 3158 amatorem
685 3099 761 3174 qubd
775 3103 872 3158 amicae

118 3203 126 3210 ⁷
166 3179 276 3256 Turpia
291 3181 437 3254 decipiunt
451 3197 559 3236 oaeeum
574 3179 650 3250 vitia,
664 3179 811 3236 autetiam
826 3179 886 3252 ipsa
900 3180 961 3234 bac

166 3255 319 3314 Delectant
327 3279 334 3325 ;
356 3258 440 3314 veluti
455 3256 606 3313 Balbinum
620 3258 738 3331 polypus
752 3255 871 3330 Hagnae.
1067 3254 1107 3308 40

166 3333 277 3391 Vellem
292 3336 322 3390 in
336 3335 459 3392 amicitiai
473 3334 514 3390 sio
520 3352 694 3410 erraremus,
709 3344 737 3389 et
751 3332 796 3387 isti

168 3409 263 3470 Errori
278 3430 382 3469 nomen
397 3412 483 3468 uirtus
496 3412 634 3484 posuisset
649 3412 805 3466 honestum.

168 3487 217 3560 At,
231 3501 311 3564 pater
325 3499 357 3545 ut
369 3489 457 3564 gnati,
471 3488 513 3544 sic
527 3506 578 3545 nos
592 3487 728 3543 debemus
741 3486 835 3554 amici,

168 3563 199 3622 Si
213 3567 289 3640 quod
304 3567 340 3623 sit
356 3567 463 3635 vitium,
477 3584 535 3621 non
549 3564 681 3621 fastidire.
717 3563 885 3619 Strabonem

168 3641 301 3717 Appellat
313 3653 418 3718 paetum
430 3653 527 3716 pater;
549 3652 578 3698 et
591 3641 709 3714 pullum,
725 3636 797 3695 male
812 3649 912 3714 par'vus
1069 3636 1107 3690 ⁴5

168 3718 200 3778 si
213 3720 262 3778 cui
276 3720 350 3778 filius
363 3730 415 3794 est,
429 3731 461 3776 ut
474 3719 615 3777 abortivus
629 3717 681 3774 luit
693 3716 760 3774 olim
