2550 4225
534 346 733 395 castulum
750 347 815 395 ΗΒ.
833 349 879 397 tv.
902 405 913 421 .

305 494 313 502 '
410 486 456 543 Te
470 486 612 543 belluosus
625 487 673 560 qui
686 488 801 547 remotis

448 562 593 639 Obstrepit
606 562 742 621 Oceanus
754 566 907 636 Britannis,

372 640 417 696 Te
431 659 487 697 non
501 641 628 714 paventis
642 642 741 699 fiunem
753 642 853 698 Gallie

371 716 512 790 Duraeque
526 717 608 773 tellus
621 720 701 775 audit
713 718 830 775 Iberiac:

410 794 455 849 Te
470 796 547 850 caede
561 795 717 868 gaudentes
727 795 868 853 Sicambri

406 896 409 905 Δ
448 871 617 946 Compositis
631 884 800 930 venerantur
814 873 907 929 armis.

577 1204 581 1209 ·
611 1177 695 1233 ODE
713 1178 797 1235 XIV.

572 1311 699 1351 AUGUSTI
714 1312 837 1350 LAUDES.

329 1472 333 1479 ,
366 1410 496 1469 Pumnus
510 1410 650 1467 volentem
663 1408 760 1483 pretia
772 1429 819 1467 rue
831 1411 907 1485 loqui

366 1489 464 1545 Victas
477 1500 505 1544 et
519 1490 602 1545 urbes
616 1488 756 1562 increpuit
768 1489 837 1563 lyri,

406 1566 451 1623 Ne
466 1584 551 1640 parva
563 1565 746 1639 Tyrrhenum
759 1584 810 1639 per
824 1584 918 1641 equor

442 1644 514 1700 Vela
528 1644 632 1699 darem.
668 1642 743 1713 Tua,
757 1643 863 1715 Cacsar,
877 1655 945 1702 ens

366 1722 475 1796 Fruges
488 1732 517 1777 et
530 1722 605 1795 agris
618 1721 724 1777 rettulit
736 1722 846 1791 uberes,
1004 1736 1006 1743 ’

365 1798 402 1855 Et
416 1800 497 1873 signa
510 1810 605 1854 nostro
618 1797 740 1852 restituit
752 1796 816 1854 tovi

403 1875 521 1950 Direpta
534 1875 701 1931 Parthorum
714 1874 842 1947 superbis

441 1952 581 2020 Postibus,
596 1964 624 2007 et
638 1969 759 2007 vacuum
772 1950 874 2009 duellis

363 2030 467 2085 Janum
481 2030 597 2089 Quirini
611 2029 721 2098 clausit,
735 2039 764 2084 et
776 2030 903 2086 ordinem

364 2108 489 2164 Rectum
504 2118 531 2162 et
546 2107 658 2181 vaganti
672 2106 759 2162 iroena
771 2105 894 2163 licentis>

402 2185 513 2259 Injecit,
528 2184 685 2257 emovitque
698 2183 805 2257 culpas,

441 2261 478 2317 Et
491 2271 598 2318 veteres
612 2260 752 2318 revocarit
763 2271 847 2332 artes,

363 2341 417 2396 Per
431 2358 501 2414 ques
515 2339 648 2395 Latinum
661 2356 765 2395 nomen
779 2348 808 2395 et
820 2338 899 2396 Itale

363 2417 485 2474 Crevbre
500 2417 580 2487 vires,
595 2417 724 2490 famaque
733 2427 763 2472 et
776 2415 876 2491 imperi

402 2496 534 2551 Porrecto
548 2495 679 2568 majestas
692 2495 728 2549 ad
741 2505 849 2550 ortum.

440 2573 513 2630 Solis
527 2573 563 2628 ab
577 2572 717 2645 Hesperio
729 2571 824 2627 cubili.

362 2651 487 2706 Custode
498 2667 591 2704 rerum
605 2647 729 2717 Caesare,
744 2664 800 2704 non
812 2647 888 2705 iitror

362 2722 469 2796 Civriis,
484 2737 532 2780 eut
546 2725 587 2780 vis
600 2725 705 2780 eximet
716 2725 822 2791 otium3

401 2803 467 2858 Non
482 2803 531 2871 ira,
546 2820 607 2874 quae
621 2801 750 2874 procudit
763 2820 856 2871 enses,

439 2879 475 2933 Et
489 2880 604 2934 miseras
618 2878 745 2934 inimicat
758 2879 850 2936 urbes.

286 2970 288 2974 ·
360 2956 427 3012 Non
441 2957 488 3029 qtri
502 2956 671 3030 profundum
685 2955 849 3014 Danubium
864 2956 963 3014 bibunt

359 3035 460 3090 Edicta
471 3045 601 3108 rumpent
615 3033 632 3088 J
635 3034 701 3104 ulia,
715 3053 772 3091 non
782 3035 873 3105 Gette,

399 3112 468 3167 Non
483 3113 576 3181 Seres,
591 3110 705 3167 infidire
719 3112 822 3181 Persae,

437 3188 502 3245 Non
520 3189 643 3244 Tanaim
657 3207 743 3261 prope
757 3188 862 3245 flumen
875 3189 937 3244 orti.

359 3267 475 3340 Nosque
489 3279 516 3322 et
530 3266 658 3340 profestis
670 3264 782 3320 lucibus
794 3277 824 3321 et
836 3265 933 3334 sacris,

360 3344 438 3399 Inter
450 3345 539 3417 jocosi
554 3361 671 3398 munera
685 3342 789 3411 Liberi,

398 3422 471 3476 Cum
486 3422 562 3495 prole
577 3420 766 3491 matronisque
779 3420 899 3488 nostris,ir

436 3497 504 3554 Rite
520 3499 587 3553 deos
600 3495 677 3571 prius
692 3498 843 3570 appreciati,

338 3637 341 3652 ι
358 3575 468 3631 Virtute
484 3576 602 3643 functos,
614 3593 690 3630 more
704 3584 823 3648 patrum,
837 3575 935 3643 duces,

359 3653 444 3724 Lydis
459 3655 576 3709 remixto
590 3653 715 3708 carmine
729 3651 815 3721 tibiis,
883 3701 888 3710 .

397 3729 568 3803 Trojarnque
581 3741 609 3786 et
623 3730 781 3799 Anchisen,
794 3739 824 3785 et
836 3729 917 3786 atne

436 3807 602 3879 Progeniem
617 3807 704 3864 vene
714 3807 738 3862 is
748 3825 891 3863 canemus.
