2550 4225
494 308 693 362 crnntmnrr
707 314 773 364 nm.
790 317 812 365 ι.
1116 326 1137 383 6

188 414 309 505 ‘huda
321 442 401 505 uon
413 464 493 525 aquo
505 451 598 526 pulsat
667 472 684 510 e
696 472 851 531 pauperum
863 432 1005 533 um,

198 522 593 680 meqliieiienslpsem
606 530 893 671 noioietlallinxilioare
905 613 1037 691 longana:
1098 617 1136 674 1⁸

276 674 344 735 Jam
357 689 386 736 te
398 693 507 769 premet
519 702 586 755 nox,
599 684 756 759 fabulaeque
769 686 882 761 Manes„

198 751 238 812 Et
249 753 351 813 domus
363 758 445 815 erulis
458 758 605 829 Plutonia3
626 759 684 837 qud
697 764 781 820 simul
795 767 907 839 metris,

276 829 345 891 Non
358 852 447 909 regna
459 837 517 893 vini
530 837 648 896 sortiere
660 840 732 898 talis.

581 1142 666 1200 ont:
679 1144 714 1201 V.

420 1278 460 1315 an
480 1277 512 1315 u.
533 1276 695 1317 mrsrrumr
716 1278 877 1321 emmau.

275 1374 436 1432 mans
449 1372 537 1431 Vario
551 1372 637 1445 fortis,
652 1385 680 1431 et
690 1375 812 1434 hostium

218 1492 221 1499 ,
274 1451 383 1522 Victor,
397 1448 513 1507 Maeonii
527 1452 662 1507 campinio
675 1452 743 1524 aliti,

273 1526 370 1589 Quam
384 1545 443 1584 rem
458 1545 570 1601 cunque
584 1528 665 1585 ferox
678 1528 796 1585 navibus
808 1543 858 1588 aut
870 1534 949 1605 equid

431 1602 516 1659 Miles
529 1614 557 1659 te
571 1605 649 1667 duce
659 1606 784 1679 gesserit.

272 1680 344 1752 Noc,
358 1680 496 1756 Agrippa,
507 1698 599 1755 neque
613 1682 675 1737 haec
688 1682 792 1754 dicere,
806 1700 861 1741 nec
872 1700 986 1760 gratem
1111 1688 1132 1745 6

272 1758 377 1816 Pelide
390 1758 565 1815 stomachum
579 1758 681 1815 cedere
695 1759 793 1831 nmcii,

271 1834 337 1892 Nec
349 1853 449 1892 cursus
462 1835 582 1909 duplicis
595 1854 645 1910 per
658 1853 736 1892 mare
749 1836 870 1912 Ulyssei',

427 1910 491 1967 Nec
505 1930 606 1969 saevam
620 1912 732 1988 Pelopis
745 1914 869 1987 domum,

271 1990 424 2060 (locamur,
438 1998 538 2045 tenues
551 1989 686 2063 grandia:
707 1991 775 2047 dum
787 1994 887 2066 pudor,

270 2066 450 2142 Imbellisque
464 2066 530 2142 lyrae
545 2066 629 2124 Musa
643 2079 743 2143 potens
756 2077 831 2127 vetat
1092 2073 1130 2132 lu

270 2145 382 2202 Laudes
394 2145 499 2220 egregii
513 2144 645 2217 Cesaris,
658 2157 687 2202 et
700 2158 772 2217 tuas,

424 2221 516 2297 Culpa
529 2223 657 2280 deterere
671 2222 776 2300 ingeni.

269 2299 344 2361 Quis
358 2297 478 2356 Martem
492 2301 590 2356 tunicii
604 2311 710 2358 tectum
724 2302 907 2359 adamantini

268 2375 365 2452 Dignd
379 2376 541 2450 scripseritl
561 2385 610 2430 aut
623 2377 736 2449 pulvere
749 2377 840 2434 Trcio

268 2451 391 2530 Nigrum
405 2451 576 2508 Merionenl
596 2462 646 2508 aut
657 2470 711 2526 cpe
723 2453 845 2510 Palladis
1091 2457 1127 2518 16

424 2527 558 2603 Tydiden
572 2528 681 2606 superis
693 2531 810 2605 pareml

559 2837 643 2896 ODE
655 2837 708 2895 Vl.

328 2973 368 3011 An
387 2971 551 3010 aunuum
570 2971 720 3025 PLANGUM,
740 2972 947 3013 correvum.

227 3069 414 3128 Launnnmur
427 3066 475 3124 alii
489 3065 592 3121 claram
608 3065 743 3137 Rhodon,
757 3078 806 3123 aut
819 3067 987 3142 Mitylenen,

344 3147 404 3204 Aut
416 3143 572 3219 Ephesum,
587 3143 734 3200 bimarisve
746 3144 877 3202 Corinthi

225 3223 343 3294 Moenia,
357 3223 400 3280 vel
415 3222 530 3278 Baccho
543 3219 669 3291 Thebae,
685 3221 728 3276 vel
742 3222 875 3296 Apolline
888 3221 1023 3296 Delphos.

342 3299 482 3374 Insigncs,
497 3308 545 3354 aut
558 3297 700 3354 Thessala
713 3298 788 3354 Tem
826 3343 832 3356 .

224 3380 299 3435 Sunt
310 3378 410 3453 quihus
424 3394 512 3431 unum
525 3393 595 3449 opus
609 3385 653 3431 cst
666 3376 780 3432 inuicte
816 3376 915 3434 allodis
928 3393 1008 3432 arces
1101 3379 1121 3435 d

340 3453 473 3510 Carmine
486 3464 620 3528 perpetuo
634 3453 786 3524 celebrare,
800 3463 829 3510 et

222 3532 354 3606 Undique
366 3531 528 3606 decerptam
543 3530 625 3586 fronti
639 3549 801 3604 preponere
812 3529 922 3586 clivam.

341 3607 492 3677 Plurimus,
508 3607 536 3663 in
551 3607 673 3664 lunonis
687 3608 832 3676 honorem,

222 3686 329 3761 Aptum
343 3685 412 3758 dicit
425 3684 504 3758 equis
518 3683 620 3756 Argos,
631 3683 757 3756 ditesque
771 3681 915 3757 Mycenas.
1233 3736 1237 3751 ,

339 3760 388 3817 Me
402 3779 456 3817 nec
469 3771 526 3816 tam
539 3757 860 3834 patiensLacedemon,
1086 3760 1121 3816 lss
1233 3802 1237 3811 .

378 3837 422 3894 l*
