2550 4225
492 266 521 321 Q„
539 264 684 313 HoRA'rn
699 264 822 313 FLACC!

323 402 428 460 Pacem
442 403 536 459 duello
547 404 667 460 mirouit.
697 403 726 459 Ο
738 405 827 478 perdor

362 479 390 535 O
404 498 507 555 magna
520 480 672 556 Carthago,
686 482 825 555 probrosis

401 556 493 613 Altior
508 555 597 613 Italis
609 559 698 613 ruinis
708 559 733 614 1²¹

324 633 424 689 Fertur
437 634 547 707 pudioae
561 634 690 708 eonjugis
701 636 841 705 osculum,

324 711 482 783 Parvosque
496 721 585 780 natos,
599 721 630 766 ut
643 711 742 785 ospitis
754 713 856 782 minor,
947 719 950 724 '

362 788 410 844 Ab
423 806 454 843 se
467 788 626 859 removisse,
639 798 669 844 et
681 788 787 848 virilem

401 863 513 921 Torvus
527 866 605 921 humi
618 865 745 939 posuisse
756 865 881 922 vultum:

324 942 424 999 Donec
436 942 566 999 labantes
578 942 696 998 oonsilio
707 951 801 1016 patres

323 1018 462 1075 Firmaret
474 1030 571 1075 auctor
584 1036 729 1091 nunquam
742 1017 812 1075 aliis
825 1020 900 1089 datu,

362 1094 494 1166 Interque
507 1104 658 1149 moerentes
671 1096 777 1150 amieos

398 1171 537 1245 Egregius
550 1182 711 1244 properaret
723 1171 811 1226 exsul.

322 1249 409 1321 Atqui
424 1248 530 1303 sciebat
542 1266 604 1323 quse
618 1247 671 1303 sibi
685 1248 818 1303 barbam

321 1326 424 1382 Tortor
437 1336 562 1399 pararet:
583 1344 639 1381 non
654 1324 732 1382 aliter
745 1336 841 1381 tamen

359 1397 484 1460 Dimoto,
495 1403 638 1459 obstantes
671 1402 849 1479 propinquos,

397 1480 435 1537 Et
447 1480 580 1554 populum
594 1480 700 1537 reditus
712 1491 866 1537 morantem

320 1556 419 1617 Quam
433 1558 456 1613 si
470 1557 606 1614 clientum
621 1557 706 1633 longa
718 1557 831 1633 negotia
880 1593 883 1600 -

320 1634 484 1709 Dijudioatri
497 1636 545 1691 tite
559 1636 739 1708 relinqueret,

359 1711 497 1767 Tendens
511 1712 687 1767 Venafranos
700 1714 729 1767 in
744 1728 835 1784 agros
882 1722 887 1725 '

245 1780 247 1788 ⁴
307 1814 312 1820 ’
397 1788 457 1845 Aut
470 1786 717 1844 lacedaemonium
730 1785 897 1843 Tarentum.

568 2094 652 2153 ODE
672 2094 724 2152 vl.

491 2284 495 2293 Ι
550 2231 592 2268 An
603 2231 753 2269 nouenos.
775 2274 777 2278 ἱ

316 2327 451 2386 Dunrcrs
464 2329 600 2404 majorum
615 2330 770 2385 immeritus
782 2329 854 2400 lues,

316 2405 457 2478 Romane,
472 2408 564 2463 donee
578 2407 682 2480 templa
694 2406 835 2478 refeeeris,

354 2483 498 2558 AEdssque
512 2484 638 2540 labentes
652 2484 778 2554 deorum,
791 2493 821 2539 et
839 2540 842 2544 ,

302 2577 304 2581 ’
394 2561 482 2616 Foeda
495 2561 576 2634 nigro
587 2561 737 2616 simulacra
750 2559 835 2615 fumo.

315 2636 368 2695 Dis
381 2647 409 2694 te
423 2639 558 2693 minorem
572 2634 649 2710 quod
662 2635 745 2708 geris,
759 2634 895 2709 imperas:

315 2715 393 2772 Hine
405 2731 489 2770 omne
501 2712 680 2786 principium,
694 2711 751 2766 huc
765 2711 836 2768 refer
850 2712 965 2768 exitum.

353 2789 392 2845 Di
406 2788 494 2844 mults
507 2788 629 2862 negleeti
641 2788 780 2844 dederunt

391 2864 538 2938 Hesperiae
551 2865 625 2920 mala
638 2865 783 2921 luctuosa.

313 2943 378 3000 Jam
391 2942 435 2999 bis
448 2941 590 3000 Monaeses
603 2953 632 2998 et
645 2942 746 2999 Pacori
759 2961 861 3000 manus

313 3020 380 3078 Non
394 3020 551 3094 auspicatos
564 3021 693 3077 contudit
703 3021 824 3094 impetus

251 3097 256 3108 '
352 3097 480 3168 Nostros,
494 3109 523 3155 et
536 3098 674 3172 adjecisse
686 3098 811 3170 predam

389 3174 551 3248 Torquibus
563 3171 673 3248 exiguis
685 3172 803 3229 renidet.

311 3251 389 3308 Pena
403 3263 570 3326 oooupstam
583 3250 769 3307 seditionibus

311 3329 423 3386 Delevit
435 3331 533 3385 urbem
548 3328 646 3390 Dauus
658 3338 687 3384 et
702 3327 850 3402 AEthiops3

351 3405 409 3463 Hio
423 3407 513 3462 olasse
527 3406 700 3474 formidatus,
714 3404 761 3460 ille

388 3482 544 3540 Missilibus
557 3481 655 3538 melior
667 3481 783 3556 sagittis.

312 3559 459 3616 Foeuuuda
472 3561 563 3634 oulpae
577 3559 681 3615 saeoula
693 3559 806 3631 nuptias

297 3687 300 3692 .
311 3635 438 3694 Primum
452 3634 634 3709 inquinavere
647 3647 676 3692 et
688 3654 779 3710 genus
791 3646 821 3693 et
833 3637 948 3693 domos:

350 3713 414 3770 Hoc
429 3714 504 3770 fonte
518 3715 642 3770 derivata
654 3713 749 3770 clades
