2550 4225
153 305 209 361 172
379 310 387 375 j
470 303 500 357 o.
518 303 662 351 noanon
680 302 802 351 macor

190 441 375 517 Pulchraque‚
388 452 417 498 et
427 444 533 498 exactis
546 440 695 499 minirmlm
708 442 848 512 distantia,
863 444 954 500 miror.

190 518 268 577 Inter
281 538 343 593 qum
356 520 471 576 verbum
485 521 601 577 emicuit
614 521 638 575 si
652 517 721 576 forte
736 521 878 590 decorum,
892 532 921 576 et

190 597 222 652 Si
235 615 331 653 versus
343 594 429 671 pauld
443 597 609 653 concinnior
622 615 696 652 unus
706 608 733 653 et
747 598 825 666 alter,
843 618 845 623 ·

190 672 299 747 Injustd
313 684 400 730 totum
416 674 495 729 ducit
508 674 657 747 venditque
671 678 780 749 poema.
1087 676 1129 729 75

189 750 326 825 Indignor
339 751 489 823 quidquam
503 751 680 825 reprehendi,
695 770 751 806 non
766 752 830 824 quia
844 748 937 805 crasse

188 827 381 901 Compositum
395 825 542 901 illepiddve
555 838 677 901 putetur,
692 829 740 882 sed
755 828 819 901 quia
832 846 935 902 nuper;

189 904 254 961 Nec
267 905 378 960 veniam
392 904 522 977 antiquis,
536 905 585 959 sed
600 906 734 961 honorem
749 916 777 959 et
790 906 903 977 praemia
916 906 1002 979 posci.

190 978 284 1037 Rectd
299 1000 391 1037 necne
403 1000 518 1037 crocum
532 982 668 1054 floresque
682 981 856 1055 perambulet
870 982 944 1037 Attae

191 1058 299 1114 Fabula
312 1059 337 1113 si
350 1059 485 1127 dubitem,
499 1058 623 1114 clament
635 1059 751 1132 periisse
765 1058 898 1131 pudorem
1087 1058 1131 1114 St)

190 1134 296 1191 Cuncti
308 1132 382 1208 pene
397 1144 498 1207 patres,
512 1154 547 1190 ea
560 1154 646 1207 quum
660 1134 864 1209 reprehendere
878 1153 963 1191 coner

189 1213 265 1272 Qum
278 1212 370 1286 gravis
384 1212 517 1286 AEsopus,
531 1231 592 1284 qum
606 1212 705 1267 doctus
721 1211 845 1267 Roscius
858 1213 931 1285 egit:

190 1289 243 1345 Vel
257 1290 322 1362 quia
335 1289 374 1344 nil
389 1299 507 1359 rectum,
521 1289 577 1344 nisi
590 1290 662 1362 quod
677 1288 782 1361 placuit
796 1289 857 1359 sibi,
872 1289 995 1355 ducunt;

117 1430 119 1432 ¹
190 1366 243 1421 Vel
257 1366 323 1439 quia
336 1377 417 1439 turpe
430 1377 529 1440 putant
540 1384 638 1439 parere
652 1366 816 1435 minoribus,
831 1376 868 1436 et,
882 1384 944 1439 quae

190 1443 313 1498 Imberbi
324 1436 459 1515 didicdre,
474 1463 556 1499 senes
569 1444 714 1518 perdenda
727 1443 814 1499 fateri.
1088 1444 1134 1499 85

164 1543 175 1553 -
190 1519 254 1575 Jam
269 1521 376 1576 Saliare
390 1517 493 1577 Numae
507 1540 621 1577 carmen
635 1521 683 1595 qui
695 1520 800 1590 laudat,
814 1531 843 1576 et
856 1520 923 1576 illud

189 1598 277 1658 Quod
290 1616 402 1654 mecum
417 1599 527 1673 ignorat
540 1600 616 1655 solus
629 1598 688 1655 vult
701 1599 773 1655 scire
787 1598 883 1669 videri,

190 1674 318 1750 Ingeniis
330 1695 388 1732 non
402 1676 448 1733 ille
462 1677 536 1733 favet
547 1676 710 1751 plauditque
724 1674 849 1749 sepultis,
935 1686 938 1691 '

190 1752 296 1809 Nostra
308 1754 358 1808 sed
372 1754 529 1829 impugnat,
543 1774 594 1811 nos
607 1766 756 1827 nostraque
771 1753 871 1809 lividus
884 1753 950 1811 odit.
971 1752 974 1758 ’

189 1828 278 1891 Quod
293 1832 316 1887 si
330 1841 386 1886 tam
400 1832 494 1887 Graiis
507 1833 615 1888 novitas
628 1832 718 1887 invisa
732 1831 830 1886 luisset
914 1833 918 1837 ’
1088 1830 1135 1887 90

188 1906 288 1968 Quam
302 1908 391 1977 nobis,
406 1909 471 1981 quid
486 1927 564 1964 nunc
576 1920 652 1964 esset
665 1909 764 1963 vetus?
784 1916 832 1963 aut
844 1907 912 1981 quid
927 1907 1040 1963 haberet

190 1985 281 2044 Quod
291 1985 397 2058 legeret
409 1996 565 2058 tereretque
577 1986 680 2041 viritim
693 1984 824 2058 publicus
837 1986 925 2039 ususl

230 2061 268 2118 Ut
282 2060 401 2136 primdm
414 2062 512 2136 positis
525 2062 625 2136 nugari
638 2062 751 2117 Gracia
765 2060 846 2116 bellis

191 2139 294 2212 Coepit,
308 2149 337 2194 et
350 2139 380 2194 iu
394 2139 491 2195 vitium
506 2139 618 2195 fortunal
631 2139 717 2194 labier
732 2138 821 2212 aequal,

191 2215 278 2272 Nunc
292 2216 458 2272 athletarum
472 2216 581 2286 studiis,
595 2235 673 2272 nunc
687 2216 754 2272 arsit
766 2233 918 2288 equorum;
1088 2215 1135 2271 95

191 2292 341 2350 Marmoris
355 2303 403 2348 aut
415 2293 507 2351 eboris
521 2294 613 2350 fabros
627 2303 675 2350 aut
689 2293 751 2349 aeris
764 2293 866 2348 amavit
874 2314 881 2360 ;

192 2371 346 2445 Suspendit
358 2371 435 2444 pictd
450 2373 555 2428 vultum
569 2381 748 2445 mentemque
762 2369 879 2436 tabell&

191 2448 279 2505 Nunc
293 2447 466 2520 tibicinibus,
481 2468 559 2505 nunc
572 2460 615 2505 est
628 2450 723 2523 gavisa
735 2447 883 2522 tragoedis:

192 2526 252 2581 Sub
266 2528 376 2584 nutrice
389 2526 483 2600 puella
496 2527 571 2582 velut
584 2526 608 2582 si
621 2527 731 2581 luderet
745 2525 846 2594 inseris,

190 2602 278 2662 Quod
292 2601 395 2676 cupide
407 2605 497 2677 petiit,
511 2600 620 2659 mature
635 2604 720 2676 plena
733 2601 851 2688 reliquit.
1076 2601 1137 2657 loc

190 2679 271 2740 Quid
284 2680 377 2754 placet
390 2691 439 2735 aut
450 2681 517 2737 odio
529 2690 581 2749 est,
595 2680 670 2752 quod
684 2697 740 2734 non
754 2677 887 2732 mutabile
902 2677 1023 2742 credan'.l

192 2757 257 2813 Hoc
269 2776 354 2831 paces
368 2756 492 2812 habuere
506 2757 586 2812 bonae
600 2756 730 2828 ventique
744 2753 870 2809 secundi.

230 2834 331 2890 Roma
346 2833 428 2888 dulce
442 2834 491 2888 diu
505 2833 557 2888 fuit
570 2843 597 2888 et
611 2833 737 2888 solemne
752 2831 862 2908 reclusd

192 2909 280 2967 Mane
294 2912 378 2968 domo
390 2910 515 2984 vigilare,
529 2909 626 2966 clienti
639 2928 768 2984 promere
779 2907 853 2982 jura,
1183 2960 1188 2970 ‚

192 2989 298 3046 Cautos
311 2988 472 3045 nominibus
485 2989 570 3045 rectis
580 2988 739 3062 expendere
753 3005 893 3057 nummos,
1076 2989 1135 3045 105
1159 3006 1161 3011 ’

192 3066 315 3141 Majores
329 3066 435 3136 audire,
451 3066 553 3122 minori
567 3067 662 3121 dicere
675 3083 724 3139 per
738 3083 799 3138 quaa

191 3144 328 3200 Crescere
341 3162 386 3198 res
398 3153 501 3218 posset,
515 3143 606 3198 minui
619 3143 754 3198 damnosa
768 3141 861 3198 libido.

192 3220 312 3277 Mutavit
325 3231 451 3276 mentem
464 3221 584 3294 populus
596 3219 674 3289 levia
689 3229 717 3275 et
730 3218 804 3276 calet
818 3237 875 3275 urio

192 3299 341 3354 Scribendi
356 3298 464 3354 studio:
485 3297 619 3372 puerique
632 3305 781 3370 patresque
796 3297 883 3352 severi

192 3374 305 3431 Fronde
318 3394 414 3431 comas
427 3375 514 3431 vincti
527 3384 642 3430 ooenant
655 3386 684 3429 et
697 3375 823 3430 carmina
836 3374 951 3430 dictant.
1079 3376 1136 3431 110

192 3450 257 3525 Ipse
270 3471 333 3526 ego,
347 3452 395 3525 qui
409 3453 501 3509 nullos
513 3447 564 3508 me‘
573 3451 680 3507 affirmo
695 3453 816 3507 scribere
831 3467 935 3519 vorsus,

193 3527 324 3586 Iuvenior
338 3529 450 3586 Parthis
463 3529 643 3596 mendacior;
663 3539 701 3598 et,
715 3527 793 3602 pride
805 3538 865 3583 orto

193 3606 269 3678 Sole,
285 3607 349 3680 vigil
362 3609 502 3664 calamum
516 3617 546 3662 et
558 3608 671 3661 chartas
683 3615 712 3660 et
725 3605 937 3677 scrinia'posco.

191 3681 303 3747 Navem
317 3702 401 3756 agere
415 3684 530 3756 ignarus
543 3683 622 3738 navis
635 3683 731 3750 timet;
753 3682 920 3737 abrotonum
935 3700 1009 3755 aegro

186 3760 262 3835 ὅκῃ
276 3760 369 3830 audet,
383 3760 437 3814 nisi
449 3761 498 3832 qui
511 3761 619 3830 didicit,
634 3760 718 3826 dare;
739 3759 813 3832 quod
827 3759 1001 3815 medicorum
1015 3769 1059 3815 est

120 3853 224 3879 &⁴22⁴
