2550 4225
159 291 216 361 tas,
483 287 514 341 Q·
531 285 678 340 Romu
694 272 816 343 ruaccr

195 428 313 487 Utilium
325 427 424 486 tardam
435 425 570 503 provisor,
582 426 718 501 prodigus
731 426 805 495 aeris,

196 504 342 573 Sublimis,
355 504 532 577 cupidusque
545 513 575 559 et
587 514 681 569 amata
692 502 851 577 relinquere
863 504 970 577 porois.

196 582 349 639 Conversis
362 581 473 651 studiis,
487 591 555 637 etas
568 580 735 653 animusque
748 580 835 635 virilis
945 584 959 609 ⁶

193 660 306 721 Querit
318 676 387 731 opes
399 668 429 713 et
441 657 590 729 amicitias,
604 657 721 713 inservit
733 656 841 728 honori,

195 735 380 793 commisisse
392 745 475 790 cavet
487 736 561 809 quod
575 754 642 791 mox
655 745 763 789 mutare
777 734 891 795 laboret,

195 813 288 871 Multa
300 830 400 870 aenan
412 812 640 872 circumveniunt
653 811 851 879 incommodae
870 811 914 873 val
926 809 1005 884 quod

194 890 316 960 Quaerit,
330 900 359 945 et
372 889 493 947 inventia
506 888 590 945 miser
605 888 728 944 abstinet
741 906 776 943 ac
789 888 870 943 timet
883 888 939 956 uti;

195 968 248 1024 Vel
261 965 338 1042 qubd
352 984 396 1022 res
408 984 508 1023 omnes
520 963 620 1021 timide
634 962 784 1039 gelideque
799 964 945 1034 ministrat,
964 992 969 1000 ¹

195 1045 313 1115 Dilator,
328 1062 377 1118 spe
390 1044 504 1120 longus,
516 1042 603 1112 iners,
618 1043 771 1115 avidusque
786 1040 881 1111 futuri,

194 1122 334 1191 Difficilis,
345 1120 490 1195 querulus,
502 1120 630 1176 laudator
645 1119 777 1192 temporis
790 1120 847 1175 acti

195 1200 235 1255 Se
247 1218 345 1272 puero,
360 1216 461 1257 censor
474 1197 680 1271 castigatorque
693 1196 844 1253 minorum.

195 1274 288 1332 Multa
300 1275 394 1331 ferunt
406 1274 474 1329 anni
487 1273 633 1329 venientes
647 1272 796 1329 commoda
810 1291 923 1341 secum;

194 1352 287 1409 Multa
300 1352 466 1414 recedentes
479 1350 616 1411 adimunt.
657 1349 703 1407 Ne
717 1347 907 1407 lorissenites

194 1427 367 1487 Mandantur
377 1427 475 1501 juveni
488 1438 591 1501 partes,
604 1444 746 1502 pueroque
759 1426 863 1497 viriles,

194 1507 311 1581 Semper
325 1507 354 1562 in
367 1505 508 1578 adjunctis
521 1522 635 1579 aevoque
649 1503 819 1561 morabimur
832 1503 912 1577 aptis.

233 1585 294 1639 Aut
306 1583 398 1657 agitur
411 1601 457 1638 res
470 1582 500 1637 in
514 1582 617 1652 scenis,
632 1592 681 1638 aut
694 1591 757 1641 acta
770 1581 888 1639 refertur
898 1600 910 1635 :¹

194 1657 319 1735 Segnius
332 1659 442 1717 irritant
454 1659 563 1716 animos
576 1660 699 1717 demissa
712 1677 762 1731 per
776 1676 883 1727 aurem,

193 1736 292 1799 Quam
304 1754 367 1811 quae
380 1747 448 1794 suut
460 1736 551 1792 oculis
564 1730 695 1809 subjecta
703 1734 843 1804 fidelibus,
856 1746 885 1791 et
897 1752 960 1807 que

194 1814 259 1889 lpse
272 1813 325 1869 sibi
339 1814 423 1869 tradit
436 1823 582 1888 spectator.
623 1809 690 1869 Non
705 1823 800 1873 tamen
815 1806 889 1869 intus

194 1891 290 1966 Digna
302 1890 363 1964 geri
376 1909 488 1964 promes
500 1890 530 1945 in
544 1908 676 1957 scenam;
698 1890 840 1962 multaque
851 1887 931 1945 tolles

152 1972 158 1976 ’
193 1967 239 2023 Ex
252 1968 351 2035 oculis,
364 1984 427 2039 quae
440 1985 505 2022 mox
518 1977 613 2022 namet
626 1966 759 2022 facundia
771 1984 911 2039 praesens:

194 2044 240 2099 Ne
253 2061 355 2118 pueros
367 2060 462 2099 coram
476 2042 579 2118 populo
593 2042 698 2098 Medea
711 2041 832 2099 trucidet
839 2062 846 2109 ;
1052 2111 1054 2116 Ι

196 2122 257 2176 Aut
269 2121 393 2176 humana
405 2117 499 2194 paldm
512 2131 614 2194 coquat
627 2131 692 2176 exta
705 2120 829 2176 nefarius
842 2121 963 2187 Atreus;

194 2200 255 2254 Aut
265 2198 294 2253 in
308 2215 388 2254 avem
401 2197 513 2271 Progne
526 2208 660 2266 vertatur,
673 2197 800 2253 Cadmus
814 2196 844 2252 in
858 2215 988 2270 anguem.

193 2275 394 2347 Quodcunque
407 2273 533 2330 ostendis
547 2274 617 2331 mihi
630 2275 683 2344 sio,
698 2275 860 2331 incredulus
872 2275 928 2330 odi.

233 2352 315 2408 Neve
328 2352 429 2421 minor,
443 2371 499 2407 neu
513 2352 549 2413 sit
561 2352 660 2426 quinto
674 2352 833 2426 productior
848 2362 911 2408 actu

195 2429 313 2499 Fabula,
327 2447 389 2503 quae
402 2429 480 2503 posci
493 2429 551 2485 vult
561 2441 589 2485 et
602 2440 728 2504 spectata
741 2429 854 2504 reponi:

195 2506 260 2563 Nec
273 2507 344 2562 deus
358 2506 477 2576 intersit,
492 2506 546 2562 nisi
558 2507 663 2581 dignus
677 2506 787 2562 vindice
801 2507 892 2562 nodus

194 2583 345 2640 inciderit:
366 2601 421 2640 nec
434 2594 533 2656 quarta
545 2583 619 2658 loqui
633 2603 752 2657 persona
764 2583 879 2640 laboret.

234 2660 347 2717 Actoris
360 2673 453 2733 partes
466 2661 569 2717 chorus
581 2661 761 2734 officiumque
775 2660 853 2716 virile

194 2736 350 2804 Defendat;
371 2738 508 2809 neuquid
523 2737 630 2794 medios
641 2737 792 2792 intercinat
805 2747 894 2806 actus,

194 2813 282 2874 Quod
296 2833 353 2869 non
366 2812 507 2887 proposito
520 2815 661 2870 conducat
675 2825 703 2870 et
718 2814 821 2870 haereat
835 2809 917 2888 apti:

194 2889 246 2946 Ille
260 2890 340 2947 bonis
354 2890 507 2964 faveatque,
522 2901 550 2946 et
563 2891 726 2947 consilietur
740 2891 854 2960 amicis;

193 2966 232 3022 Et
245 2980 324 3041 regat
337 2968 431 3038 iratos,
445 2977 473 3024 ct
487 2978 562 3024 amet
575 2987 677 3043 pacare
688 2978 831 3026 tumentes
842 2988 849 3035 ;

194 3041 246 3100 llle
260 3045 347 3118 dapes
362 3045 457 3100 laudet
468 3064 574 3100 mensae
589 3046 696 3113 brevis;
717 3046 763 3102 ille
777 3046 916 3101 salubrem
981 3071 986 3080 ⁸

194 3119 347 3191 lustinum,
361 3122 502 3196 legesque,
516 3133 545 3179 et
558 3124 661 3195 apertis
673 3123 730 3179 otia
743 3122 844 3196 portis;
992 3193 994 3199 Ι

194 3195 248 3253 Ille
262 3208 337 3272 tegat
350 3200 509 3269 commissa,
523 3200 646 3271 deosque
660 3210 790 3272 precetur
801 3209 830 3254 et
841 3209 911 3267 oret,
1075 3198 1136 3260 w

194 3272 232 3328 Ut
245 3276 341 3332 redeat
354 3276 474 3346 miseris,
489 3277 571 3332 abeat
584 3276 696 3333 fortuna
711 3276 845 3351 superbis.

233 3349 320 3407 Tibia
333 3371 400 3420 non,
415 3364 446 3408 ut
459 3371 546 3423 nunc,
559 3353 703 3409 orichalco
716 3355 819 3422 vincta,
834 3352 962 3425 tubaeque

194 3423 318 3497 AEmula‚
332 3431 383 3484 sed
396 3429 489 3484 tenuis
502 3429 675 3503 simplexque
687 3431 822 3486 foramine
835 3447 936 3503 pauco,

194 3502 347 3576 Adspirarc
361 3516 390 3561 et
404 3506 503 3562 adesse
516 3507 609 3563 choris
622 3518 683 3563 erat
696 3506 781 3575 utilis,
796 3517 878 3578 atque

195 3577 329 3634 Nondum
343 3583 431 3654 spissa
445 3583 530 3639 nimis
543 3585 685 3658 complere
698 3583 796 3638 sedilia
810 3581 887 3652 flatu,
1076 3582 1139 3646 ΝΒ

194 3652 264 3713 Quo
278 3653 347 3710 sane
361 3659 481 3729 populus
494 3660 684 3728 numerabilis,
699 3670 794 3732 utpote
806 3677 916 3731 parvus,
1055 3659 1058 3666 '

195 3729 232 3784 Et
246 3729 318 3803 frugi
332 3744 480 3805 castusque
494 3737 724 3808 verecundusque
738 3736 839 3791 coibat.
