2550 4225
152 286 209 358 ιη
238 344 242 351 .
283 350 287 355 ¹
468 282 802 352 Q.troltu't'11FLacct

189 423 254 481 Nec
267 422 358 499 magis
367 424 600 497 expressi.qultus
610 443 661 498 per
672 426 763 483 aenea
776 424 870 511 signa¹

188 500 287 564 Quam
301 521 351 577 per
364 502 435 558 vatis
446 521 519 577 opus
527 520 620 559 mores
634 500 775 575 animique
787 518 909 559 virorum
964 512 966 519 ’
1024 558 1026 565 ,

190 581 337 638 Clarorum
353 592 496 655 apparent.
537 575 567 640 N
569 598 603 634 ec
616 598 761 636 sermones
772 597 825 653 ego
839 574 953 657 mallem
987 650 990 655 Ι
1071 578 1134 635 25⁰

177 658 338 732 'Repentes
350 677 400 731 per
414 654 542 732 birmum,
556 654 641 732 quam
655 675 700 713 res
714 674 882 731 componere
895 665 999 731 gestas,
1014 712 1016 719 ,
1037 656 1040 661 ’
1087 658 1090 663 “

151 757 154 771 ·
190 736 400 809 Terrarumque
414 736 484 809 situs
497 747 525 792 et
538 734 657 791 flumina
669 734 773 805 dicere,
788 745 816 790 et
829 752 909 789 arces
1051 732 1054 737 '

190 812 337 870 Montibus
351 814 504 888 impositas,
518 823 547 869 et
560 812 679 868 barbara
693 830 789 887 regna,
803 812 914 885 tuisque

191 891 336 965 Auspiciis
348 902 438 965 tntum
451 890 582 947 confecta
596 889 689 945 duella
702 909 752 965 per
766 888 873 959 orbem,
1264 885 1267 1075 q

191 970 375 1041 Claustraque
389 970 535 1025 custodem
549 968 628 1041 pacis
642 968 805 1023 cohibentia
818 966 933 1037 Janum,
1071 966 1135 1023 255

191 1046 229 1101 Et
242 1046 418 1103 formidatam
433 1045 544 1101 Parthis
556 1056 585 1101 te
598 1046 725 1119 principe
740 1044 879 1111 Romam3

192 1125 233 1193 Si,
246 1134 383 1197 quantum
395 1142 539 1197 cuperem,
553 1141 664 1196 possem
678 1141 804 1195 quoque:
826 1122 876 1177 sed
890 1140 981 1194 neque
994 1140 1112 1195 parvum

191 1201 314 1257 Carmen
327 1201 458 1274 majestas
471 1200 570 1275 recipit
583 1211 641 1268 tua,
656 1218 710 1257 nec
724 1218 804 1255 meus
818 1199 902 1255 audet

190 1279 265 1335 Rern
280 1290 387 1334 tentare
401 1279 499 1355 pudor,
512 1296 596 1351 quam
610 1277 682 1333 vires
696 1277 767 1333 ferre
781 1287 921 1333 recusent.

191 1356 334 1413 sedulitas
346 1366 450 1427 autem,
464 1353 548 1411 stulte
562 1373 645 1428 quem
660 1354 760 1429 diligit,
775 1367 867 1429 urget,
1072 1352 1136 1417 abo
1265 1293 1268 1441 l

190 1431 336 1508 Praecipud
351 1452 437 1506 quum
451 1452 482 1488 se
495 1432 620 1490 numeris
634 1434 814 1489 commendat
827 1444 856 1489 ct
870 1444 946 1488 arte:

189 1512 282 1568 Discit
294 1512 372 1567 euim
385 1509 469 1567 citius
483 1510 666 1583 meminitque
680 1508 813 1567 libentius
827 1509 896 1567 ilud

189 1590 277 1649 Quod
290 1589 353 1663 quis
366 1589 484 1659 deridet,
498 1585 583 1661 qurlm
596 1588 671 1662 quod
685 1588 784 1663 probat
797 1599 825 1644 et
839 1598 985 1644 veneratur

190 1667 241 1723 Nil
255 1687 347 1725 moror
360 1666 485 1722 officium
498 1667 573 1739 quod
587 1685 632 1722 me
646 1677 758 1740 gravat:
780 1684 918 1739 acusque
933 1665 999 1721 licto

190 1744 225 1801 In
238 1746 318 1819 pejus
332 1744 409 1801 vultu
421 1744 539 1817 proponi
551 1763 650 1799 cereus
664 1762 790 1817 usquam,
1072 1742 1138 1821 265

189 1822 219 1878 N
220 1842 254 1878 ec
268 1820 352 1898 prave
368 1822 449 1878 sactis
462 1821 589 1877 decorari
601 1822 725 1878 versibus
738 1832 803 1895 opto
814 1842 821 1889 3

155 1953 159 1960 ,
189 1898 236 1955 Ne
250 1901 365 1956 rubeam
378 1899 477 1973 pingui
491 1899 610 1955 donatus
623 1917 751 1969 munere,
765 1911 793 1956 et
806 1898 864 1955 und

189 1977 264 2031 Cum
278 1978 413 2050 scriptore
427 1994 499 2043 meo,
514 1978 758 2049 capsel‘porrectus
772 1976 879 2049 aperta,

148 2102 151 2108 .
190 2052 307 2109 Deferat
321 2054 349 2108 in
364 2054 457 2109 vicum
472 2052 641 2108 vendentem
655 2054 720 2107 thus
733 2064 761 2109 ot
774 2053 884 2123 odores,

190 2128 227 2188 Et
239 2131 327 2205 piper,
341 2141 371 2186 et
382 2130 517 2204 quidquid
531 2130 636 2186 chartis
648 2131 781 2189 amicitur
791 2130 903 2206 ineptis.
1072 2133 1137 2194 27⁰

514 2443 716 2500 EPISTOLA
732 2443 772 2500 ΙΙ.

477 2579 516 2616 ΔΙ)
536 2580 645 2618 tuntum
666 2579 791 2618 FIAORUM.

193 2679 305 2750 Facies,
319 2679 394 2736 bono
407 2679 538 2752 claroque
551 2679 643 2734 fidelis
656 2679 747 2734 amice
761 2677 880 2749 Neroni,
971 2674 973 2682 ’

192 2759 223 2814 Si
237 2758 299 2830 quis
313 2755 383 2813 forte
394 2758 460 2812 velit
472 2774 591 2830 puerum
603 2755 655 2811 tibi
669 2755 800 2824 rendere,
815 2765 913 2811 natum

190 2834 299 2891 Tibure
313 2834 361 2889 vel.
369 2834 477 2903 Gabiis,
488 2844 517 2889 et
529 2843 623 2888 tecum
638 2833 680 2890 sic
693 2843 773 2907 agat:
795 2835 813 2861 “
824 2831 891 2903 Hic,
906 2845 935 2890 et

190 2911 337 2968 Candidus
350 2921 379 2966 et
391 2911 463 2967 talos
476 2930 493 2966 a
505 2911 611 2967 vertice
622 2910 742 2984 pulcher
756 2911 791 2968 ad
806 2910 887 2980 imos,

190 2989 254 3045 Fiet
267 2989 373 3062 eritque
387 3000 453 3045 tuns
465 3005 645 3045 nummorum
658 2987 782 3044 millibus
795 2999 868 3058 octo,

190 3066 295 3132 Verria
301 3067 465 3122 ministeriis
478 3067 515 3124 ad
527 3078 614 3123 nutus
627 3078 708 3140 aptus
722 3063 833 3135 heriles,

190 3144 334 3203 Litterulis
344 3144 452 3199 Graecis
465 3144 599 3213 imbutus,
610 3144 729 3200 idoneus
743 3144 795 3200 arti

190 3221 330 3288 Cuilibet3
351 3221 449 3296 argilla
462 3221 571 3294 quidvis
585 3221 739 3276 imitaberis
753 3221 826 3276 uda:

189 3298 271 3358 Quin
284 3299 370 3354 etiam
382 3310 466 3355 canet
478 3299 634 3367 indoctum,
650 3299 699 3354 sed
710 3296 805 3368 dulce,
820 3299 938 3359 bibenti.

190 3373 283 3431 Multa
296 3375 381 3430 fidem
391 3376 527 3449 promissa
539 3375 643 3445 levant,
658 3376 706 3430 ubi
721 3374 831 3450 pleuiirs
845 3394 924 3450 aequo
1096 3379 1133 3436 lo

190 3451 301 3508 Laudat
314 3453 437 3523 venales,
450 3454 498 3526 qui
511 3453 570 3508 vult
582 3453 740 3524 extrudere,
756 3472 872 3510 merces.

190 3528 252 3583 Res
265 3538 346 3602 urget
358 3548 404 3584 me
418 3530 505 3601 nulla,
519 3549 583 3586 meo
596 3548 659 3585 sum
673 3549 778 3605 pauper
793 3531 822 3586 in
836 3549 908 3586 aere:

189 3604 283 3661 Nemo
297 3607 350 3662 hoc
364 3625 536 3680 mangonum
550 3607 656 3663 laceret
669 3608 738 3664 tibi:
759 3626 816 3663 uon
830 3606 937 3665 temerd
952 3627 970 3666 a
983 3629 1029 3668 me

189 3682 292 3741 Quivis
306 3682 389 3738 ferret
403 3684 494 3739 idem:
515 3685 601 3740 semel
615 3685 662 3740 bic
677 3684 805 3754 cessavit,
819 3695 857 3755 et,
872 3696 904 3742 ut
916 3685 956 3758 lit,

190 3757 224 3814 In
238 3759 321 3816 scalis
334 3759 414 3814 latuit
427 3771 556 3818 metuens
568 3762 717 3835 pendentis
731 3761 857 3820 habena.
1055 3772 1075 3788 ''
1094 3767 1131 3822 15
