2550 4225
344 369 349 377 Δ
401 313 404 316 ·
522 291 588 341 ARS
604 290 756 343 Pontica.

186 433 339 507 Postquam
352 430 440 506 cepit
451 450 535 506 agros
544 432 698 491 extendere
711 432 810 503 victor,
822 443 852 491 et
865 432 966 493 unam

186 510 283 567 Latior
296 509 428 583 amplecti
440 526 548 579 murus,
561 508 682 581 ripaque
694 509 798 569 diurne

110 630 113 634 -
187 587 298 644 Placari
308 586 419 645 Genius
428 586 506 643 festis
519 585 637 659 impune
648 586 758 656 diebus,

187 664 322 723 Accessit
334 663 513 735 numerisque
526 663 674 735 modisque
687 663 803 721 licentia
816 664 911 739 major.

188 740 325 796 Indoctus
337 740 405 813 quid
418 740 495 797 enim
509 750 629 813 saperet,
643 740 768 813 liberque
781 740 918 813 laborum,

188 817 326 873 Rusticus
339 817 447 875 urbane
460 817 605 884 confusus,
618 817 707 891 turpis
721 818 857 877 honestcl

188 895 238 950 Sic
251 894 352 967 prisce
365 904 532 966 metnnrqoe
541 904 572 950 et
582 893 722 949 luxuriare
736 895 845 951 addidit
858 896 910 951 arti

187 971 322 1041 Tibicen,
334 971 473 1043 traxitque
486 988 574 1044 vagus
586 970 756 1044 per'pulpita
768 982 882 1029 vestem.

187 1049 238 1105 Sic
251 1048 336 1103 etiam
346 1046 454 1125 ,fidibus
466 1066 550 1105 voces
562 1045 677 1105 crevdre
692 1049 806 1123 severis,

187 1125 226 1181 Et
237 1125 302 1180 tulit
314 1124 456 1197 eloquium
468 1124 612 1181 insolitum
627 1125 760 1181 facundia
772 1144 911 1200 praecepa

186 1201 359 1275 Utiliumque
372 1220 459 1275 sagax
471 1220 574 1272 rerum,
588 1211 618 1259 et
630 1202 726 1259 divina
739 1202 833 1273 futuri,

188 1279 334 1353 Sortilegis
344 1297 401 1337 non
412 1279 567 1352 discrepuit
576 1279 717 1337 sententia
727 1278 853 1353 Delphis.

224 1356 359 1413 Carmine
371 1356 420 1430 qui
433 1356 541 1430 tragico
554 1356 639 1413 vilem
652 1358 768 1413 certavit
780 1358 818 1413 cb
831 1358 951 1427 bircam,

186 1434 257 1492 llox
269 1434 354 1490 etiam
368 1443 494 1507 agrestes
504 1434 620 1506 Satyros
633 1434 759 1503 nudavit,
773 1445 802 1491 et
815 1453 896 1509 asper

186 1511 327 1575 Incolumi
339 1512 476 1585 gravitate
485 1510 582 1584 jocum
594 1511 721 1579 tentavit,
735 1508 770 1567 ed
784 1509 860 1584 qudd

187 1586 405 1645 illecebris-erat
416 1598 447 1645 et
458 1587 541 1661 grant
550 1585 673 1643 novitate
687 1588 839 1660 morandus

186 1666 342 1740 Spectator,
357 1664 526 1737 mactusque
539 1662 636 1733 sacris,
651 1674 679 1720 et
692 1674 783 1737 potus,
798 1675 828 1721 et
839 1666 929 1723 erlem

185 1741 293 1800 Verum
304 1744 344 1799 ita
356 1742 467 1810 risores,
481 1741 520 1799 ita
532 1741 732 1797 commendare
745 1742 859 1799 dicaces

186 1820 344 1878 Conveniet
357 1820 481 1891 Satyros,
495 1818 534 1875 ita
547 1829 654 1875 vertere
667 1819 741 1875 seria
753 1818 829 1889 ludo,

186 1897 214 1953 N
216 1917 233 1953 a
245 1898 407 1971 quicunque
420 1896 501 1965 deus,
514 1895 676 1969 quicunque
689 1895 867 1953 adhibebitur
881 1898 973 1967 heros,

186 1974 289 2049 Regali
303 1984 472 2047 conspectus
484 1973 515 2029 in
528 1991 597 2030 aure
608 1990 700 2045 nuper
713 1986 742 2030 et
755 1984 840 2044 ostro,

186 2050 290 2126 Migret
303 2052 332 2107 in
344 2051 479 2107 obscuras
492 2049 592 2105 humili
604 2068 734 2107 sermone
747 2051 879 2116 tabernas
886 2071 896 2120 ;

186 2130 255 2199 Aut,
269 2129 337 2185 dum
350 2128 417 2186 vitat
430 2129 557 2198 humum,
571 2123 662 2186 nub'es
674 2141 704 2184 et
716 2128 815 2185 inania
826 2128 927 2204 captet.

186 2205 303 2262 Effutire
316 2207 392 2262 leves
404 2205 522 2278 indigna
532 2205 686 2279 Tragoedia
700 2223 804 2273 versas,

185 2283 223 2340 Ut
236 2283 313 2340 festis
326 2292 453 2340 matrona
461 2281 567 2338 moveri
576 2282 656 2356 jussa
668 2281 777 2351 diebus,

185 2359 317 2417 Intererit
330 2359 438 2432 Satyris
449 2354 568 2432 paulirm
579 2357 746 2431 pudibunda
758 2360 899 2431 protervis.

184 2437 252 2494 Non
265 2456 319 2512 ego
332 2437 462 2494 inornata
473 2445 502 2502 et
514 2435 689 2491 dominantia
702 2435 817 2492 nomina
829 2434 921 2494 sellim

184 2515 343 2588 Verbaque,
358 2513 487 2583 Pisones,
501 2513 664 2586 Satyrorum
678 2512 796 2586 scriptor
809 2513 925 2580 amabc;

184 2591 248 2648 Nec
262 2591 304 2647 sic
316 2591 407 2648 enitar
419 2590 528 2664 tragico
540 2590 764 2660 differrecolori,

184 2668 222 2725 Ut
235 2668 305 2724 nihil
319 2667 430 2724 intersit
441 2665 575 2724 Davusne
587 2667 726 2741 loqumur,
739 2677 769 2724 et
781 2667 874 2724 audax

185 2745 300 2819 Pythias
312 2755 445 2802 emuncto
457 2745 569 2802 lucrata
581 2745 698 2802 Simone
708 2745 854 2814 talentum,

184 2824 232 2879 An
246 2833 341 2878 custos
355 2822 530 2895 famulusque
543 2822 590 2878 dei
604 2822 848 2880 Silenusalumni.

145 2915 149 2924 ’
184 2897 228 2955 Ex
240 2910 307 2956 noto
321 2899 418 2955 fictum
432 2916 547 2954 carmen
560 2917 670 2970 sequar,
679 2910 710 2954 ut
722 2899 775 2954 sibi
788 2900 878 2972 quivis

184 2977 285 3050 Sperat
298 2977 390 3042 i'dem3
410 2975 494 3030 sudet
506 2972 625 3030 multum
640 2973 795 3047 frustrdque
808 2976 917 3032 laboret

183 3054 280 3108 Ausus
294 3053 386 3108 idern:
406 3048 518 3108 tautirm
531 3051 618 3106 series
628 3051 816 3125 junctumque
829 3052 923 3126 pollet,

183 3128 311 3186 'Panthm
324 3130 359 3184 de
375 3129 468 3186 medic
481 3128 599 3202 sumptis
611 3127 723 3184 accedit
733 3129 854 3186 honoris.

183 3205 267 3263 Silvis
279 3206 393 3262 deducti
406 3216 533 3275 caveant,
547 3223 593 3261 me
604 3205 711 3279 judice,
722 3204 826 3280 Fauni,

182 3283 238 3354 Ne,
253 3283 328 3339 velut
342 3282 431 3339 innati
442 3282 530 3340 triviis
542 3301 577 3339 ac
590 3279 664 3356 pand
680 3282 813 3353 forenses,

182 3361 243 3418 Aut
256 3358 380 3416 nimium
389 3361 495 3416 teneris
505 3360 675 3434 juvenantur
689 3360 814 3417 versibus
828 3379 962 3433 unquam,

183 3438 243 3493 Aut
254 3437 401 3494 immunda
413 3450 532 3511 crepent
544 3436 786 3511 ignominiosaque
799 3439 891 3494 dicta:

181 3514 372 3571 offenduntur
384 3514 471 3584 euim,
484 3514 586 3587 quibus
598 3524 643 3570 est
655 3532 743 3587 equus
755 3525 784 3571 et
796 3525 875 3589 pater
887 3529 916 3572 et
928 3534 989 3584 res;

182 3590 256 3662 Nec,
270 3591 294 3646 si
307 3591 375 3663 quid
389 3590 462 3647 fricti
475 3591 577 3647 ciceris
589 3591 688 3664 probat
701 3601 730 3646 et
743 3593 826 3650 nucis
837 3605 955 3667 emptor,

183 3666 283 3740 AEqnis
297 3667 441 3741 accipiunt
453 3668 556 3725 animis
568 3668 709 3724 donantve
722 3671 835 3726 aaroni.

222 3744 336 3817 Syllaba
349 3745 434 3818 longa
443 3745 520 3801 brevi
533 3743 660 3818 subjecta
673 3756 786 3802 vocatur
800 3747 936 3817 lumbus,
