2550 4225
160 292 216 365 mr
479 289 510 345 e.
528 286 812 351 destrueremur

194 427 340 502 ramas„
349 446 389 499 m
399 427 496 503 asub,
510 446 547 492 aa
561 425 666 499 amicae,
677 424 780 498 tribe
792 424 884 512 eluet

196 507 340 564 Soribetur
353 506 406 577 tibi
419 505 508 573 ¹forma
517 503 668 577 loquaciter
681 513 710 561 et
723 502 793 561 situs
806 519 875 576 agre

234 582 371 653 Continui
383 592 503 654 montes,
517 581 574 639 uisi
586 580 772 645 dissocientur
784 577 875 652 opaod

196 658 278 715 Valle
290 678 297 727 ;
318 660 368 715 sed
383 669 415 731 ut
427 659 544 729 ueniens
557 658 690 725 desuum
702 656 776 725 latus
788 654 907 729 aspieiat
919 652 971 725 sol,

197 736 314 792 Laevum
327 736 471 805 decedens
483 753 567 797 aurru
582 734 708 809 begiente
722 742 842 807 saperet.

197 811 381 884 Temperiem
392 812 499 883 laudes.
539 811 631 881 Quid,
646 811 671 867 si
684 809 843 867 rubicunda
856 803 979 881 benigue

197 888 292 944 Corne
305 906 403 963 vepres
416 900 444 947 et
458 906 548 967 pruna
562 888 677 951 leruntl
699 886 857 959 siquerous
869 894 899 941 et
911 884 968 941 ilex

196 963 289 1021 Mults
300 965 379 1041 fruge
392 984 489 1043 pecus,
502 965 591 1021 multi
605 964 751 1020 domiuum
761 962 840 1036 juvat
852 960 975 1017 umbrdl

196 1041 285 1097 Dicas
297 1042 451 1114 adduotpm
463 1038 578 1115 ptopids
592 1041 721 1097 frondere
735 1038 900 1095 Tarentum.

197 1116 273 1175 Fons
286 1118 382 1187 eb'am.
395 1119 454 1181 rivo
466 1120 533 1181 dare
548 1136 652 1173 nomen
666 1117 795 1187 idoneus,
809 1125 840 1171 ut
853 1132 909 1170 neo

197 1188 337 1269 Frigidior
350 1193 494 1263 Tbrsoam
509 1212 564 1253 neo
577 1189 672 1267 purior
685 1192 792 1259 ambiat
804 1191 929 1260 Hebrus,

196 1269 313 1328 Infirmo
326 1272 412 1346 capiti
426 1266 488 1343 fluit
500 1270 587 1341 utilis,
602 1270 678 1327 utilis
691 1270 763 1325 alvo.

196 1347 251 1403 He
265 1347 500 1421 latebraeduloes,
513 1348 623 1421 etjam,
637 1347 662 1403 si
675 1347 778 1416 eredis,
792 1362 920 1415 amoeue,

196 1423 371 1481 Inoolumem
391 1426 443 1493 tibi
456 1444 502 1483 me
516 1434 650 1499 prestant
663 1422 867 1497 septembribus
881 1422 982 1479 horis..

234 1500 282 1557 Tu
297 1500 374 1559 reotd
388 1502 466 1572 riuis,
480 1502 504 1567 si
519 1520 602 1557 ouras
614 1520 678 1564 esse
690 1501 765 1573 quod
779 1500 877 1555 audis:
959 1572 964 1579 ἱ

195 1577 214 1633 J
215 1589 342 1635 aeternus
352 1579 522 1653 jampridem
534 1579 626 1637 omnis
639 1589 668 1635 te
681 1578 776 1635 Roma
789 1577 912 1651 beatum.

196 1655 254 1711 Sed
268 1674 364 1713 vereor
379 1676 416 1719 ue
430 1657 477 1713 eui
491 1658 527 1717 de
541 1668 569 1716 te
582 1654 648 1729 plbs
659 1653 744 1729 qudm
758 1654 812 1709 tibi
822 1654 937 1721 eredas3

78 1738 91 1805 ζ
196 1730 276 1789 Nave
289 1743 370 1807 putes
385 1734 473 1793 elium
486 1734 612 1808 sapiente
626 1734 755 1805 bonoque
769 1732 900 1798 beetum3
1095 1731 1139 1786 20

40 1826 43 1833 ·
175 1806 272 1879 ‘Neu,
285 1810 347 1866 site
360 1810 479 1885 populus
493 1828 592 1867 sanum
607 1806 740 1883 reeteque
754 1804 892 1866 valeritem

195 1884 323 1957 Diceret,
337 1889 479 1959 occultam
493 1888 599 1943 febrem
613 1886 667 1942 sub
679 1897 791 1960 tempus
803 1885 907 1941 edendi

194 1959 370 2034 Dissimules,
385 1965 476 2033 donee
489 1963 619 2020 manibus
632 1972 735 2019 tremor
749 1962 854 2019 incidat
867 1961 969 2019 unctis.

195 2038 349 2095 Stultorum
364 2041 492 2107 incurata
503 2040 593 2114 pudor
606 2039 698 2095 malus
712 2038 808 2095 ulcera
822 2038 905 2094 celat.

196 2115 228 2170 Si
241 2117 390 2189 quisbella
404 2118 454 2182 tibi
469 2117 544 2180 tend
557 2127 682 2191 pugnata
694 2116 820 2189 marique
1095 2116 1139 2174 25

195 2190 289 2265 Dicat,
303 2194 389 2249 ethis
402 2195 494 2251 verbis
505 2212 607 2250 raouas
622 2194 795 2270 permuloeat
807 2209 899 2264 aures,

196 2269 305 2326 “Tene
319 2267 410 2345 magle
424 2272 531 2331 salvum
543 2271 664 2346 populus
677 2271 753 2341 velit
766 2289 803 2327 an
816 2269 950 2345 populum
962 2279 1004 2338 tu,

183 2347 294 2404 ,Servat
307 2348 337 2403 in
351 2349 492 2423 ambiguo,
506 2348 555 2423 qui
568 2348 691 2416 oonsplit
702 2359 732 2406 et
743 2347 794 2404 tibi
807 2357 836 2403 et
850 2346 921 2417 urbi,

194 2422 306 2497 Jupiter
315 2425 341 2492 ;''
357 2425 480 2499 Augusti
494 2425 594 2482 laudes
607 2443 761 2500 agnosoere
775 2424 872 2498 possis.

194 2499 296 2564 Quum
308 2502 413 2575 pateris
425 2503 537 2577 sapiens
550 2503 772 2575 emendatusque
785 2500 888 2570 vosari,
1096 2501 1139 2558 30

195 2575 402 2652 Respondesne
415 2590 474 2651 tuo,
488 2579 535 2634 dio
548 2579 640 2648 sodes,
654 2581 768 2636 nomine
778 2577 941 2651 l-Nempa

195 2653 247 2709 Vir
261 2655 352 2711 bonus
364 2666 393 2712 et
405 2657 529 2730 prudens
542 2655 600 2711 diei
613 2654 858 2728 delector-Ego,
872 2673 907 2710 ao
921 2664 959 2709 tu.

194 2730 256 2790 Qui
270 2731 348 2802 dedit
362 2733 416 2790 hoo
430 2733 523 2799 hodie,
538 2749 609 2801 oras,
624 2733 648 2786 si
662 2733 744 2802 volet,
758 2731 883 2798 auseret3
905 2741 946 2800 ut,
960 2730 985 2786 si

196 2806 336 2863 Detulerit
349 2807 439 2864 fasoes
453 2808 579 2881 indigno,
593 2808 721 2864 detrahet
734 2808 818 2863 idem.

196 2887 214 2912 “
224 2882 311 2954 Pone,
326 2901 425 2954 meum
434 2886 504 2954 est‚’'
519 2885 616 2957 inquit.
658 2883 748 2956 Pono,
761 2885 903 2958 tristisque
916 2884 1024 2942 reoedo.
1093 2886 1137 2942 35

195 2958 277 3016 Idem
291 2960 315 3016 si
329 2960 431 3018 elamet
445 2962 544 3032 furem,
558 2971 644 3036 neget
657 2981 719 3027 esse
732 2963 878 3037 pudicum,

195 3035 355 3094 Contendat
368 3038 468 3111 laqueo
481 3039 585 3096 oollum
598 3041 732 3112 pressisse
746 3051 910 3114 paternum

195 3110 327 3170 Mordeat
340 3116 496 3188 opprobriis
510 3115 594 3185 salsis,
608 3127 748 3172 mutemve
762 3117 905 3173 ooloreml

194 3188 295 3246 Falsus
308 3192 396 3248 honor
406 3192 486 3266 juvat
498 3202 527 3247 et
539 3193 661 3248 mendax
674 3193 790 3264 iufamia
803 3205 889 3250 terret

192 3264 300 3338 Quem,
320 3268 376 3324 nisi
403 3269 568 3325 mendosum
589 3279 617 3324 et
644 3269 844 3325 medicandum
856 3272 867 3325 l
907 3269 959 3326 Vir
977 3269 1068 3327 bouus
1089 3282 1135 3328 est
1177 3317 1184 3329 ,

233 3343 317 3416 quisl
1091 3348 1134 3404 40

193 3416 255 3476 Qui
269 3421 396 3476 consulta
408 3431 528 3494 patrum,
538 3420 585 3494 qui
599 3422 677 3495 leges
687 3421 805 3495 juraque
819 3433 928 3491 serrat3

192 3493 261 3553 Quo
274 3496 369 3552 multae
382 3515 546 3572 magnaeque
560 3510 691 3554 secantur
701 3498 797 3571 judioe
810 3499 889 3568 lites3

193 3569 262 3629 Quo
275 3589 320 3628 res
334 3591 466 3645 sponsore
479 3585 509 3630 et
522 3593 576 3648 quo
590 3593 683 3630 osusae
697 3585 767 3631 teste
781 3586 920 3633 tenentur.

195 3645 251 3700 Sed
266 3649 342 3704 videt
355 3649 431 3704 huno
444 3652 536 3707 omnis
550 3652 651 3708 domus
664 3663 693 3708 et
705 3651 809 3709 vicinia
821 3663 879 3711 tota

194 3719 347 3778 Introrsum
361 3736 479 3798 turpem,
494 3729 653 3802 speciosum
667 3729 738 3802 pelle
752 3730 863 3788 decore.
1092 3732 1134 3790 45
