2550 4225
152 278 210 344 m
244 322 249 337 „
473 274 504 329 e.
522 271 666 323 immun
682 271 806 324 moer

169 430 172 434 ·
190 412 313 471 Lubrica
325 424 478 473 umcenws
491 412 609 487 impleut
621 412 770 487 conchylis
781 412 864 469 lune

190 491 249 548 Sed
262 509 320 549 non
332 508 417 548 omne
430 508 509 547 mere
520 498 564 548 cst
575 506 719 563 genem
732 488 822 547 fertile
836 499 930 545 teme:

190 566 302 625 Murice
315 566 423 624 Baiano
436 566 533 623 melior
547 564 673 623 Lucrina
684 566 802 640 peloris3

189 644 293 701 Ostrea
303 644 432 714 Circeiis,
447 641 560 699 Miseno
572 644 700 701 oriuntur
713 642 824 711 echini;

190 721 354 778 Pectinibus
366 720 470 795 petulis
480 719 568 794 jactat
578 739 609 775 se
622 720 706 777 molle
718 719 885 777 Tarentum.

191 797 255 855 Nec
268 798 321 855 s‘ibi
335 816 479 855 coeuerum
493 796 582 871 quivis
595 794 702 855 temere
717 808 827 872 arroget
839 807 936 865 artem,

190 874 258 932 Nou
271 872 348 951 priirs
362 874 461 931 exacti
475 874 553 931 tenui
566 874 675 931 ratione
688 893 826 948 superum.

191 951 255 1009 Nec
268 949 336 1011 satis
349 962 392 1009 est
404 952 471 1011 corb
483 952 576 1025 pisces
588 970 716 1009 averrere
728 953 827 1009 mensi

64 1060 69 1071 ι
190 1027 325 1105 Ignarum
339 1030 440 1103 quibus
453 1039 495 1087 est
505 1030 551 1103 jus
565 1030 667 1104 aptius,
680 1040 710 1087 et
721 1029 823 1103 quibus
836 1030 905 1085 assis

190 1106 356 1181 Languidus
368 1107 399 1163 iu
413 1106 540 1163 cubitum
550 1107 609 1181 jum
622 1126 654 1163 se
666 1107 785 1164 conviva
797 1109 929 1181 remeet}

190 1182 305 1255 Umber,
319 1195 348 1240 et
361 1184 449 1258 ilignis
463 1184 585 1240 nutritus
598 1183 711 1258 glande,
726 1183 860 1241 rotundas
881 1194 897 1202 “
912 1185 916 1189 ’

190 1260 296 1317 Curvet
308 1280 374 1335 sper
386 1261 483 1318 lauces
496 1278 610 1318 caruem
624 1259 738 1317 vitantis
750 1260 886 1317 inertem:

189 1336 219 1394 N
221 1356 267 1394 am
281 1338 408 1396 Laurens
421 1338 511 1395 malus
524 1348 577 1409 est,
590 1338 662 1395 ulvis
674 1349 704 1395 et
716 1338 854 1395 arundine
866 1339 988 1414 pinguis

188 1412 282 1471 Vinea
294 1415 433 1473 submittit
446 1434 561 1491 capreas
575 1434 632 1473 nou
646 1434 756 1489 semper
769 1415 874 1473 edules.

189 1489 343 1549 Foecundae
357 1492 459 1568 leporis
472 1494 584 1568 sepiens
597 1493 750 1551 sectabitur
763 1511 862 1551 urmes.

187 1568 318 1627 Piscibus
331 1580 413 1645 etque
427 1570 525 1629 avibus
538 1589 600 1645 que
613 1581 714 1643 ustura
726 1582 755 1628 et
769 1571 838 1629 toret
851 1582 928 1641 etas,

167 1646 169 1651 ’
189 1647 265 1705 Ante
279 1666 373 1705 meum
387 1648 457 1707 nulli
471 1649 561 1725 patuit
573 1648 691 1726 quesite
702 1649 834 1723 palatum.

190 1724 264 1781 Sunt
276 1744 394 1801 quorum
408 1725 554 1802 ingenium
567 1746 640 1783 nova
654 1724 763 1783 tuntum
777 1726 901 1785 crustula
913 1725 1022 1801 promit.

187 1800 374 1878 Nequsquam
387 1800 457 1862 setis
470 1804 499 1861 in
512 1822 543 1861 re
556 1802 614 1863 nub
627 1822 794 1861 consumere
807 1822 924 1879 curam:¹

187 1876 227 1937 Ut
238 1878 264 1936 si
276 1880 338 1955 quis
351 1878 442 1939 solnm
455 1882 519 1950 boc,
533 1880 607 1937 mala
619 1898 658 1941 ue
670 1880 727 1938 sint
740 1881 815 1953 vina,
826 1880 933 1940 laboret
1024 1933 1033 1949 ,

186 1956 276 2021 Quali
289 1958 438 2034 perfimdet
450 1958 542 2033 pisces
555 1975 672 2014 securus
683 1958 764 2016 olivo.

189 2032 314 2093 Messius
326 2034 350 2093 si
362 2035 437 2093 ooelo
450 2053 591 2114 supponas
604 2034 670 2093 vine
682 2054 792 2108 sereno,

163 2147 166 2152 ι
189 2111 348 2188 Nocturna,
361 2115 385 2172 si
398 2113 465 2190 quit
473 2115 564 2178 ,cressi
577 2126 630 2187 est,
643 2114 804 2174 tenuabitur
817 2118 898 2186 euri,

189 2191 227 2248 Et
239 2191 358 2250 decedet
369 2194 437 2250 odor
450 2194 543 2251 nervis
555 2193 689 2250 inimicus
695 2213 704 2262 ς
725 2203 754 2250 at
766 2192 815 2250 illo.

188 2267 336 2346 Integrmn
349 2271 471 2346 perdunt
483 2271 542 2328 linc
554 2271 652 2328 vitiata
664 2289 800 2347 saporem.

189 2347 356 2406 Surrentina
369 2349 444 2410 valer
457 2349 506 2424 qui
518 2349 620 2409 miscet
634 2349 704 2408 lece
718 2348 840 2408 suerat

188 2423 274 2496 Vina,
287 2425 448 2484 columbino
461 2427 558 2484 limum
572 2427 646 2483 bene
658 2425 766 2502 colligit
778 2445 855 2496 over
1023 2479 1029 2494 ,

187 2499 341 2562 Quttenus
353 2503 411 2560 ime
421 2505 492 2579 petit
502 2504 614 2562 voluens
627 2503 721 2561 eliens
733 2503 851 2560 vitellus.
921 2547 938 2556 .,
968 2548 971 2555 ,
989 2534 1011 2554 c
1024 2543 1029 2550 ·
1043 2514 1092 2548 (τι

187 2577 285 2636 Testis
297 2592 471 2639 marcentem
484 2577 744 2656 squillis‘r'ecresbis
757 2592 786 2638 et
799 2580 871 2638 Afrt
921 2638 925 2642 .

182 2653 318 2714 ¹Peterem
331 2658 465 2726 cochleb;
487 2677 553 2716 nam
566 2658 679 2717 lactuca
692 2658 800 2717 innatat
812 2657 871 2714 scri

187 2731 255 2790 Post
267 2734 363 2790 vinum
375 2735 535 2792 stomacho:
556 2735 646 2808 peruri
658 2731 749 2809 magis
762 2753 797 2791 sc
809 2732 901 2810 magis
914 2736 989 2793 billis

186 2807 308 2885 Flagitst
321 2811 350 2868 in
365 2829 473 2869 morsus
485 2811 580 2880 refici3
600 2811 669 2886 quin
682 2812 779 2869 omnis
792 2812 880 2884 melit,

185 2886 374 2966 Quaecunque
388 2889 541 2947 immundis
551 2890 659 2948 servent
671 2889 748 2949 illata
759 2889 879 2965 popinis.

186 2962 238 3021 Est
250 2985 342 3041 opere
354 2967 476 3042 pretium
488 2967 612 3042 duplicis
624 2986 793 3042 pernoscere
803 2967 875 3042 juris

184 3040 341 3100 Naturam:
362 3043 481 3119 simplex
493 3064 510 3102 e
523 3045 601 3102 dulei
613 3057 725 3103 constat
737 3045 819 3116 clivo,

183 3119 273 3180 Quod
286 3121 385 3196 pingui
398 3122 519 3180 miscere
532 3141 610 3180 merc
623 3122 773 3196 murisque
786 3122 909 3193 decebit,

185 3195 252 3253 Non
267 3198 321 3254 alit
334 3198 420 3272 quim
433 3199 490 3274 qut
503 3199 643 3276 Byzantia
655 3199 762 3273 putruit
773 3217 850 3256 orca

185 3271 251 3330 Hoc
263 3274 313 3332 ubi
326 3275 475 3334 contusum
489 3277 574 3334 sectis
587 3275 722 3332 inferbuit
735 3275 839 3346 herbis,

184 3347 359 3426 Corycioque
373 3372 456 3410 croco
470 3371 595 3428 sparsum
609 3353 694 3424 stetit,
708 3353 822 3427 insuper
835 3352 923 3409 addes

184 3426 285 3484 Pressa
296 3428 473 3488 venafranus
481 3431 554 3505 quod
569 3431 659 3487 bacca
671 3429 778 3486 remisit
790 3430 879 3488 eliste.

119 3541 129 3584 ἡ.
184 3503 298 3561 Picenis
311 3506 417 3563 cedunt
429 3509 519 3582 pomis
533 3506 667 3566 Tiburtis
675 3525 777 3576 suecc3

95 3607 108 3616 υ
131 3589 133 3594 “
184 3579 260 3638 Nem
275 3579 347 3640 facie
360 3595 500 3657 prestent.
542 3585 693 3643 Venucula
705 3587 838 3644 convenit
849 3586 912 3644 ollis
919 3607 928 3655 ;

184 3656 306 3716 Rectius
319 3660 461 3718 Albanam
476 3662 554 3720 sumo
566 3663 710 3720 duraveris
722 3681 814 3722 uvam.

165 3737 168 3742 ’
184 3733 269 3800 Hanc
282 3753 336 3811 ego
349 3754 414 3794 cunr
427 3739 518 3810 malis,
532 3739 700 3816 eguissem
712 3741 819 3819 primus
831 3754 861 3800 et
870 3742 962 3815 belec,
