2550 4225
10 312 12 391 ζ
84 346 88 352 ,
173 296 229 355 ιη
492 259 688 350 urrunnun
705 296 830 345 macor

207 434 355 507 Desipiant
365 450 467 491 nutum
480 432 560 509 nque
573 452 610 491 ao
622 446 664 507 tu,
676 436 726 509 qni
737 435 790 493 ΕΗ
801 452 906 493 nonen

209 512 313 569 lusano
326 509 455 586 posuere.
489 512 576 569 Velut
589 512 676 583 silvis,
689 512 739 568 ubi
750 511 856 587 poissins

208 587 341 645 Palantes
354 606 430 645 error
444 600 522 645 certo
535 589 571 645 de
584 588 696 645 tramite
708 588 796 662 pellit,
1264 645 1265 648 ,

208 664 260 721 Ille
274 665 474 735 sinistrorsum,
489 666 536 722 hio
550 666 724 723 dextrorsum
737 665 812 734 abit;
833 683 909 722 rmus
921 664 1032 739 utrique
1111 670 1153 725 tu
1264 655 1265 750 J

209 742 303 812 linos,
317 743 367 798 sed
382 742 466 799 variis
479 744 572 799 illudit
580 743 708 816 partibus
719 762 725 797 :
746 742 801 799 boc
813 753 843 799 te

208 818 301 875 Crede
315 820 399 875 modo
414 821 555 890 insanum,
569 820 659 877 nihilo
670 830 703 875 ut
712 819 866 892 sapientior
877 820 935 889 ille,

206 895 268 957 Qui
282 908 309 952 te
323 896 568 969 deridetcaudtat
578 898 698 985 trabat)
712 896 766 953 Eat
777 914 870 971 genua
881 914 970 953 unitur

208 974 348 1043 Stultitia,
363 974 482 1029 nihilum
495 976 649 1031 metuenda
660 973 800 1040 umentia3
821 983 854 1031 ut
866 972 955 1048 ignes,

207 1049 246 1106 Ut
259 1068 351 1129 rupes,
366 1048 519 1123 fluviosque
532 1052 561 1107 in
576 1070 677 1125 campo
688 1052 801 1109 obstare
812 1062 959 1125 querunt:

208 1128 337 1183 Alterum
351 1137 379 1182 et
393 1126 459 1183 huic
472 1128 590 1198 varium,
603 1140 633 1186 et
646 1128 736 1184 nibilo
748 1128 913 1202 sapientius,
926 1127 1006 1202 igm

208 1204 263 1260 Per
276 1203 386 1259 medios
396 1202 550 1278 fluviosque
563 1206 680 1261 ruentis.
714 1204 827 1261 Clamet
838 1205 932 1263 unica

209 1280 311 1350 Mater,
325 1282 446 1337 honesta
458 1300 543 1351 soror,
557 1300 624 1339 cum
636 1283 776 1357 cognatis,
787 1291 876 1357 pater,
890 1300 977 1339 uxor:

209 1364 216 1387 ‘
232 1356 290 1413 Hic
304 1358 377 1414 fossa
389 1368 432 1415 est
445 1359 563 1433 iugens!
585 1358 633 1415 bio
646 1377 731 1433 rupes
743 1360 881 1417 maximal
902 1376 983 1416 aerea
992 1361 1007 1414 l'

207 1434 274 1492 Non
288 1434 377 1509 magis
391 1437 519 1506 audierit,
532 1434 617 1511 quim
631 1436 736 1492 Fusius
747 1436 842 1493 ebrius
853 1436 931 1508 olim,
1110 1442 1151 1515 titt

206 1511 306 1573 Quum
321 1511 440 1570 Ilionam
454 1514 583 1584 edormit,
597 1512 725 1570 Catienis
737 1513 813 1570 mille
826 1512 967 1583 ducentis,

208 1587 329 1659 ‘Mater‚
341 1600 368 1647 te
382 1591 507 1666 appello,’
523 1591 719 1648 clamantibus.
752 1590 830 1647 Huic
840 1610 893 1667 ego
905 1594 1018 1665 vrrlgum

209 1666 303 1723 Errori
317 1668 436 1725 similem
450 1680 585 1725 cunctum
601 1668 725 1725 insanire
736 1668 853 1727 docebo

209 1742 318 1800 lnsunit
332 1755 437 1801 veteres
451 1756 556 1802 statuas
570 1746 758 1821 Damasippus
770 1747 898 1803 emendo.

209 1820 323 1896 Integer
336 1834 380 1878 est
392 1823 495 1885 meritis
508 1822 673 1897 Damasippi
686 1822 826 1879 creditori
859 1822 943 1881 Esto:
1107 1828 1148 1883 66

208 1904 215 1927 ‘
232 1898 341 1973 Accipe
350 1901 425 1972 quod
440 1916 582 1973 nunquam
597 1900 699 1955 reddas
712 1900 799 1970 mihi:
814 1902 839 1957 si
852 1901 903 1957 tibi
917 1901 1028 1969 dream

208 1974 293 2031 Tune
308 1976 423 2043 insanus
436 1977 491 2032 eris
505 1977 529 2032 ti
542 1977 698 2051 acceperis,
709 1995 747 2033 an
760 1974 852 2052 magis
863 1996 963 2035 excors

207 2052 329 2127 Rejeoti
341 2054 435 2127 praedai
449 2070 534 2128 quam
546 2072 670 2128 praeseus
684 2053 846 2111 Mercurius
858 2054 932 2112 ferti

207 2127 306 2186 Scribe
320 2130 418 2188 decem
433 2150 450 2186 a
463 2130 551 2188 Nerio
563 2151 569 2186 ε
590 2149 648 2188 non
661 2141 705 2188 est
717 2128 802 2199 satia;
822 2132 896 2188 adde
909 2133 1019 2190 cientur
1264 2190 1265 2197 ,

207 2205 314 2264 Nodosi
328 2208 436 2264 tabulas
449 2218 581 2277 centum;
603 2208 680 2266 mille
693 2209 766 2265 adde
779 2220 911 2266 catenas:
1108 2215 1149 2269 'ru

179 2259 188 2288 ⁸
207 2283 332 2359 Effugiet
344 2295 438 2341 tamen
453 2287 514 2342 haeo
528 2287 681 2344 sceleratus
694 2286 807 2342 vincula
819 2285 943 2344 Proteus.

206 2360 305 2422 Quum
321 2363 410 2437 rapies
424 2363 453 2420 in
464 2363 511 2438 jus
524 2363 606 2421 malis
619 2364 758 2422 ridentem
772 2363 882 2435 alienis,

207 2437 360 2514 Fietaper‚
374 2438 458 2496 modd
472 2441 539 2510 avis,
554 2439 638 2500 modii
653 2459 760 2512 saxum,
774 2453 813 2510 et,
823 2461 909 2515 quum
919 2443 1001 2510 volet,
1015 2441 1105 2500 arbor.

208 2517 239 2574 Si
253 2515 326 2574 male
343 2537 400 2573 rem
414 2536 512 2612 gerere
526 2519 616 2574 insani
631 2530 689 2585 est;
712 2516 811 2575 contri
825 2519 908 2588 bene,
922 2517 1000 2576 sani:

208 2593 337 2650 Putidius
349 2594 438 2650 multo
452 2595 598 2651 cerebrum
613 2607 664 2664 est,
679 2595 856 2665 mihicrede,
870 2595 977 2667 Perilli,
1107 2599 1146 2654 ⁷5

206 2669 346 2727 Dictantis
359 2672 431 2745 quod
445 2684 477 2727 tu
490 2690 633 2744 uunquam
647 2672 802 2728 rescribere
810 2673 908 2745 pooeis.
1029 2698 1034 2726 :
1264 2682 1265 2685 ’

206 2748 323 2816 Audire,
338 2760 419 2820 atque
433 2761 526 2821 togam
538 2749 624 2821 jubeo
637 2765 816 2822 componere,
830 2749 955 2821 quisquis

206 2824 368 2880 Ambitione
382 2825 456 2880 malti
469 2835 518 2880 uut
531 2825 638 2898 argenti
653 2825 739 2898 pallet
751 2843 856 2893 amore,

203 2900 340 2974 Quisquis
354 2901 472 2966 luxurii,
487 2899 592 2958 tristive
607 2901 812 2976 superstitione,
932 2916 935 2922 ·

205 2979 264 3034 Aut
278 2977 332 3033 alio
346 2980 447 3033 mentis
461 2980 558 3034 morbo
571 2980 657 3048 calet3
680 2981 735 3034 buc
748 2978 864 3055 propius
876 2999 931 3050 me,

204 3054 279 3110 Dum
293 3055 382 3111 doceo
395 3051 519 3112 insanire
529 3075 637 3126 omnes,
649 3075 698 3112 vos
710 3057 809 3114 ordine
823 3059 906 3114 adite,

204 3132 304 3187 Danda
319 3145 361 3188 est
374 3133 489 3190 ellebori
503 3130 591 3188 multb
606 3152 670 3208 pars
683 3134 805 3190 maxima
818 3134 925 3191 avaris:

202 3206 307 3264 Nescio
321 3227 355 3264 an
370 3211 534 3282 Anticyram
548 3211 617 3266 ratio
631 3209 685 3266 illis
698 3211 819 3267 destinet
830 3229 952 3268 omnent

203 3283 339 3341 Haeredes
354 3285 465 3342 Staberi
480 3305 616 3342 summam
631 3285 758 3342 incidire
772 3284 916 3363 sepulcro:

202 3359 241 3416 Ni
255 3361 453 3433 sio'leeissent,
467 3364 651 3436 gladiatorum
665 3364 732 3418 dare
745 3375 870 3421 centum·
1103 3367 1143 3425 86

201 3437 335 3494 Dumnati
348 3441 451 3513 populo
463 3440 549 3512 paria,
564 3451 648 3514 atque
659 3439 774 3513 epulum
788 3442 902 3500 arbitrio
915 3444 992 3512 Arri,
1061 3462 1065 3471 ·

201 3513 349 3570 Frumenti
355 3503 585 3588 ‹pranbrnlinetit
599 3517 705 3573 Africa
742 3517 809 3574 Sive
821 3534 875 3593 ego
887 3517 985 3594 pratri,

162 3645 164 3651 .
201 3591 260 3648 Seu
273 3589 361 3661 recti,
375 3595 429 3649 boo
443 3594 525 3664 votui,
539 3613 575 3650 ne
589 3595 627 3650 sis
640 3605 756 3669 paunus
769 3596 855 3651 mibi’
896 3596 990 3654 Credo
1095 3607 1100 3620 '

202 3665 267 3724 Hoc
281 3668 390 3724 Staberi
404 3670 571 3742 prudentem
585 3671 710 3728 animum
724 3670 857 3728 vidisse..
871 3673 896 3728 .''
911 3673 1019 3734 “Quid
1032 3693 1103 3748 ergo

202 3743 306 3813 Sensit,
320 3763 405 3817 quum
419 3761 558 3802 summam
571 3747 722 3822 patrimoni
736 3749 896 3824 insculpere
908 3769 976 3811 ιιο
1099 3751 1141 3810 Ἄ)
