2550 4225
533 107 600 138 l'⁴

504 128 563 154 ἑκ.
636 142 640 149 ·

392 299 634 347 sprsromrnrn
645 272 716 369 ¹mn.
734 301 768 347 n.
786 304 809 349 a.

181 437 241 494 Des
254 456 394 509 nummos,
408 451 525 514 excepta
538 440 608 496 nihil
621 451 650 497 te
664 442 688 495 si
703 442 769 515 fuga
781 443 852 497 laeda
874 444 890 469 ”

180 514 234 571 Ille
248 517 317 571 ferat
330 516 460 589 pretium,
475 536 565 590 poenae
579 535 705 588 securae,
719 520 824 593 opinor.

181 592 312 648 Pruden‘s
325 593 418 649 emisti
432 595 563 649 vitiosum
570 614 578 661 ;
599 594 676 651 dicta
688 595 739 651 tibi
752 606 795 651 est
808 596 868 651 lex:

182 666 344 743 Insequeris
356 680 452 725 tamen
467 672 552 740 bunc,
566 684 595 726 et
608 672 656 727 lite
670 674 788 727 moraris
801 673 905 745 iniquia.

222 745 289 801 Dixi
302 764 348 801 me
360 747 472 819 pigrum
486 748 676 821 proficiscenti
689 750 749 819 tibi,
764 750 821 805 dixi

183 822 305 879 Talibus
317 823 418 879 officiis
430 823 517 898 prope
531 843 684 891 mancum
705 843 742 881 ne
756 844 818 881 mea
832 844 921 881 saevus

183 900 318 975 Jurgares
330 900 366 955 ad
379 911 408 955 te
421 900 496 973 quod
511 902 627 973 epistola
642 902 719 957 nulla
733 904 847 958 veniret.

182 977 264 1037 Quid
277 988 337 1033 tum
349 978 465 1051 profeci,
479 996 590 1033 mecum
605 980 737 1035 facientia
747 979 811 1055 jura

185 1054 217 1110 Si
230 1064 325 1109 nmen
339 1057 477 1111 attentasl
516 1056 655 1115 Quereris
669 1074 751 1130 super·
766 1058 819 1113 hoc
833 1059 928 1127 etiarn,
942 1056 1018 1131 quod

167 1130 478 1232 meecmtatibinoo
488 1134 596 1188 mittam
609 1135 736 1189 carmina
749 1134 897 1217 menda-ry

223 1209 336 1265 Luculli
349 1212 430 1265 miles
442 1210 560 1265 collecte
574 1211 676 1266 viatica
689 1213 783 1268 multis

185 1286 341 1356 AErumnis,
352 1286 442 1342 lassus
455 1288 521 1343 dum
536 1298 623 1343 noctu
636 1289 735 1359 stertit,
749 1290 785 1345 ad
800 1308 890 1345 assem

185 1363 367 1420 Perdiderat:
386 1375 449 1438 post
462 1366 515 1420 boo
529 1366 681 1421 vehemens
694 1366 787 1440 lupuS,
801 1378 829 1423 et
843 1368 896 1422 sibi
911 1378 939 1423 et
953 1368 1024 1424 hosti

185 1441 278 1498 Iratus
289 1440 402 1515 pariter,
413 1442 517 1516 jejunis
529 1443 661 1498 dentibus
674 1462 749 1513 acer,

184 1519 351 1575 Presidium
364 1520 458 1593 regale
471 1519 534 1575 leco
547 1519 660 1593 dejecit,
675 1531 706 1576 ut
720 1523 808 1593 aiunt,

186 1594 302 1653 Summe
317 1598 435 1666 munito,
448 1607 477 1652 et
490 1596 640 1651 multarum
654 1598 739 1654 divite
753 1618 854 1655 rerum.

185 1673 286 1730 Clarus
297 1674 336 1730 ob
348 1674 378 1729 id
392 1673 508 1743 factum,
522 1673 604 1729 donis
615 1685 731 1730 ornatur
745 1678 869 1732 honestis
880 1697 886 1744 3

186 1751 301 1825 Accipit
314 1761 342 1807 et
355 1750 399 1806 bis
412 1751 487 1806 dena
498 1769 583 1824 super
596 1752 723 1807 sestertia
736 1754 893 1810 nummrim.

185 1826 270 1885 Forte
284 1829 337 1884 sub
350 1829 404 1884 boc
418 1838 529 1903 tempus
542 1828 686 1885 castellum
701 1840 825 1887 evertere
838 1842 938 1905 pretor

186 1904 292 1962 Nescio
304 1906 379 1980 quod
394 1906 522 1979 cupiens,
537 1906 640 1962 hortari
654 1908 738 1981 coepit
751 1909 874 1964 eundem

183 1982 287 2041 Verbis
298 2000 360 2056 que
373 1984 472 2039 timido
480 2001 590 2057 quoque
603 1995 717 2057 possent
730 1985 834 2041 addere
848 1996 970 2042 mentem
982 2007 988 2040 :

186 2064 203 2090 “
215 2060 240 2132 I,
255 2060 337 2131 bone,
351 2057 408 2134 qud
422 2060 507 2117 virtus
520 2071 568 2117 tua
581 2072 609 2118 te
623 2072 720 2129 vocat;
741 2062 751 2118 i
764 2064 835 2137 pede
850 2062 949 2135 fausto,

185 2139 312 2195 Grandia
323 2140 430 2194 laturus
442 2139 603 2195 meritorum
617 2140 747 2214 praemia:
768 2141 833 2213 quid
849 2151 906 2197 stas
915 2143 944 2196 i’'

185 2217 252 2272 Post
264 2217 325 2271 baec
339 2215 385 2271 ille
398 2226 488 2286 catus,
500 2219 678 2289 quantumvis
691 2217 821 2287 rusticus,
829 2222 848 2247 “
863 2217 929 2286 Ibit,

185 2293 243 2349 Ibit
255 2290 291 2349 ed
305 2290 361 2367 qud
375 2294 425 2364 vis,
439 2294 487 2365 qui
502 2311 603 2347 zonam
616 2293 765 2365 perdidit‚”
781 2294 878 2365 inquit.

224 2369 325 2426 Romae
339 2370 438 2425 nutriri
448 2369 519 2424 mibi
532 2369 660 2442 contigit,
674 2379 757 2441 atque
771 2370 865 2424 doceri
884 2364 890 2375 '

186 2447 278 2504 Iratus
291 2447 385 2503 Graiis
397 2443 534 2520 quantdm
548 2446 691 2502 nocuisset
705 2445 832 2500 Achilles
845 2465 850 2500 :

185 2523 327 2599 Adjecdre
341 2525 422 2580 bonae
435 2521 520 2598 pauld
534 2524 596 2597 plus
609 2523 676 2578 artis
690 2522 810 2577 Athenae
821 2541 831 2601 3·

186 2602 302 2659 Scilicet
315 2613 346 2658 ut
358 2621 468 2676 possem
483 2619 568 2656 curvo
581 2600 747 2674 dignoscere
760 2610 879 2670 rectum,

186 2679 280 2754 Atque
294 2680 367 2736 inter
381 2679 465 2734 silvas
478 2679 618 2733 Academi
630 2695 755 2750 querere
767 2693 871 2732 verum.

184 2756 265 2814 Dura
277 2758 328 2812 sed
341 2754 471 2812 emovere
485 2757 548 2812 loco
560 2774 606 2811 me
620 2766 746 2828 tempora
759 2766 854 2828 grat03

185 2833 338 2908 Civilisque
351 2835 450 2890 rudem
464 2834 529 2888 belli
543 2833 607 2888 tulit
620 2844 704 2889 aestus
718 2832 747 2888 in
762 2851 848 2903 arma,
927 2843 929 2852 '

185 2911 306 2968 Caesaris
320 2910 443 2984 Augusti
457 2928 513 2966 non
527 2927 694 2982 responsura
707 2911 827 2967 lacertis.

185 2989 269 3046 Unde
282 2989 365 3045 simul
378 2984 502 3061 primirm
517 3004 561 3040 me
574 2984 708 3040 dimisere
722 2987 852 3061 Philippi,

186 3066 298 3123 Decisis
312 3065 448 3122 humilem
461 3063 572 3137 peonio,
586 3063 754 3135 inopemque
767 3065 876 3138 paterni

184 3143 223 3200 Et
236 3145 303 3200 laris
315 3155 345 3199 et
360 3142 449 3212 fundi,
463 3151 611 3216 paupertas
624 3139 736 3214 impulit
749 3141 842 3196 audax

184 3219 223 3278 Ut
237 3239 334 3278 versus
347 3221 488 3276 facerem:
509 3219 559 3274 sed
572 3218 647 3291 quod
658 3236 715 3274 non
729 3218 801 3274 desit
815 3219 967 3274 habentem

183 3298 260 3358 Quae
274 3309 406 3373 poterunt
418 3315 541 3370 unquam
556 3294 624 3351 satis
637 3313 793 3370 expurgare
807 3296 920 3364 cicutae,

184 3375 224 3432 Ni
238 3375 341 3433 melius
354 3376 475 3432 dormire
488 3384 583 3448 putem
597 3371 683 3446 qualm
697 3374 948 3442 scribeuversusl

223 3453 344 3528 Singula
357 3454 392 3508 de
405 3453 488 3509 nobis
500 3451 568 3507 anni
581 3452 741 3525 praedantur
755 3461 856 3506 euntes
867 3469 874 3517 ;

184 3530 324 3607 Eripudre
335 3532 423 3606 jocos,
437 3548 579 3599 venerem,
593 3528 730 3597 convivia,
744 3528 859 3595 ludurn3

184 3608 324 3666 Tendunt
336 3620 500 3682 extorquere
512 3610 662 3681 poemata:
682 3606 750 3677 quid
765 3606 864 3660 faciam
879 3605 939 3660 vis'l

185 3687 316 3761 Denique
330 3705 388 3743 non
400 3704 500 3742 omnes
512 3685 612 3740 eadem
625 3683 763 3740 mirantur
777 3693 943 3756 amantque:

186 3763 322 3822 Carmine
335 3775 366 3821 tu
380 3764 502 3838 gaudes;
524 3762 570 3819 lric
585 3761 740 3820 delectatur
755 3760 853 3816 iambis
861 3779 869 3829 ;
946 3801 949 3808 Δ

1080 752 1119 806 20
