2550 4225
450 254 648 306 GARleNUll
665 253 729 302 Lm.
746 251 795 300 IV.

403 400 497 471 Curru
511 398 597 455 dueet
609 395 741 452 Achaim

248 484 410 548 Victorem
431 494 523 551 neque
537 492 582 531 res
596 472 697 529 bellios
710 469 801 526 Deliis

403 554 544 613 Ornetum
558 551 630 609 loliis
643 549 757 617 ducem,

247 635 338 700 Quid
351 651 449 709 regum
462 631 585 689 tumidas
599 624 759 683 ooutuderit
772 622 872 690 minas,

404 709 545 767 Ostendet
558 702 715 779 Capitolio:

252 792 309 850 Sed
322 808 385 865 que
399 787 493 844 Tibur
506 802 584 858 equae
599 780 689 839 fertile
701 776 861 854 prefluunt,

406 864 445 921 Et
457 864 554 939 spisse
568 857 716 916 nemorum
729 873 829 924 nomin,

250 947 375 1023 Fingent
389 942 484 999 AEolio
497 938 623 997 earmine
636 934 769 993 nobilem.

409 1020 509 1077 Rome
523 1014 658 1093 prinoipis
671 1011 783 1068 urbium

253 1102 392 1177 Dignatur
406 1096 515 1155 soboles
528 1096 600 1151 inter
615 1089 751 1147 amabiles

406 1175 511 1233 Vatum
524 1186 629 1247 ponere
643 1186 689 1224 me
702 1168 820 1232 eliorum

256 1262 294 1319 Et
303 1258 363 1334 jem
375 1254 460 1311 dente
474 1247 569 1308 minis
582 1247 711 1305 mordeor
725 1242 827 1301 invido

411 1332 449 1400 Ο,
462 1327 611 1386 testudinis
624 1342 717 1381 aureae

255 1415 376 1475 Duleem
389 1426 451 1484 que
464 1406 621 1480 strepitum,
634 1401 721 1469 Pieri,
735 1410 891 1472 temperas3

214 1536 218 1540 -
413 1484 441 1541 Ο
455 1485 541 1540 mutis
552 1497 666 1555 qunque
678 1476 804 1552 piscibus

254 1571 400 1630 Donatum
413 1561 507 1636 cycni,
522 1560 546 1615 si
558 1559 654 1626 libeat,
668 1553 784 1610 sonum!

409 1640 518 1696 'Pomm
531 1633 657 1692 muneris
668 1634 722 1689 hoe
735 1630 776 1686 tui
789 1638 841 1697 est,

251 1722 342 1789 ttutd
355 1727 493 1778 monstror
506 1714 594 1789 digito
607 1707 835 1787 pretereuntium

411 1791 550 1851 Romane
564 1790 669 1847 fidicen
681 1788 764 1862 lyrae:

251 1877 344 1945 Quod
357 1874 432 1949 spiro
444 1883 473 1929 et
485 1870 584 1945 plaoeo
600 1866 638 1943 (si
650 1867 775 1941 plaeeo),
789 1873 869 1919 tunm
881 1870 932 1917 est.

545 2184 629 2242 oon
650 2182 705 2238 111.
815 2161 819 2168 ’

519 2319 607 2358 DRUSI
622 2315 747 2353 munus,

293 2430 428 2490 Qosnnu
436 2419 601 2478 ministrum
613 2410 739 2470 fulminis
749 2409 845 2466 alitem
951 2420 955 2428 ·

297 2505 367 2580 (eui
376 2521 427 2560 rex
440 2501 558 2555 deorum
571 2507 692 2566 regnum
705 2488 734 2544 in
749 2505 814 2543 aves
828 2501 913 2559 regas

332 2578 474 2647 Permisit,
487 2581 619 2650 expertus
631 2567 744 2624 fidelem

373 2657 482 2732 Jupiter
497 2653 525 2708 in
539 2645 707 2722 Ganymede
720 2643 805 2719 flavo)

295 2737 374 2794 Olim
385 2735 523 2810 juventas,
538 2737 567 2784 et
578 2725 686 2802 patrius
699 2723 786 2797 rigor,

296 2814 373 2871 Nido
386 2813 511 2868 laborum
525 2804 647 2880 propulit
658 2801 777 2858 inscium
790 2819 797 2865 ;

335 2890 488 2962 vernique,
501 2885 558 2960 jem
572 2881 677 2940 nimbis
686 2877 811 2945 remotis,

373 2966 505 3023 Insolites
519 2957 643 3016 docuere
656 2956 735 3012 uisus

296 3045 384 3107 Venti
397 3052 561 3120 paventem3
583 3052 649 3090 mox
662 3033 691 3089 io
704 3030 788 3087 ovilia

296 3124 417 3186 Demisit
429 3123 540 3176 hostem
552 3113 661 3170 vividus
674 3111 812 3183 impetus;

297 3259 308 3276 s
335 3203 423 3260 Nune
437 3199 467 3254 in
482 3195 653 3252 reluctantes
667 3189 805 3244 dracones

374 3277 441 3352 Egit
455 3291 532 3330 emor
546 3269 625 3342 dapis
640 3277 723 3338 atque
735 3279 855 3336 pugne:

294 3357 453 3422 Qualemve
467 3349 538 3407 laetis
551 3363 654 3420 cuprea
667 3339 780 3417 pascuis

280 3438 413 3494 'Intenta
427 3429 508 3486 lulvae
522 3425 618 3481 matris
632 3421 668 3477 eb
681 3419 768 3474 ubere

334 3511 401 3568 Jam
411 3508 483 3564 laete
498 3502 648 3578 depulsum
662 3498 783 3562 leonem,

372 3588 467 3644 Dente
479 3599 552 3638 novo
565 3579 698 3654 periture,
713 3571 798 3626 vidit:

294 3665 403 3726 Videre
417 3660 528 3718 Rhaetis
542 3657 616 3712 bella
629 3653 682 3708 sub
695 3649 816 3723 Alpibus

296 3747 421 3803 Drusum
435 3747 580 3812 gerentem
595 3728 738 3786 Vindeliei
747 3747 754 3794 ;
775 3725 847 3798 quib·

336 3819 401 3879 Mos
415 3815 490 3873 unde
506 3812 645 3866 deductus
658 3825 707 3880 per
720 3823 804 3862 omne
