2550 4225
484 265 684 341 cmurnus'r
701 291 766 341 am.
784 293 804 341 r.

310 428 421 486 Imbelli
434 429 544 487 cithari
557 430 684 489 carmina
696 428 820 499 divides3

465 504 667 583 Nequidquam
680 508 801 566 thalamo
811 526 913 585 graves

311 581 424 653 Hesus,-
438 594 468 639 et
481 584 582 656 calami
596 585 707 659 spicula
718 585 829 656 Gnosii,

308 657 428 730 Vitabis,
443 661 656 736 strepitumque,
669 673 699 719 et
710 662 832 722 celerem
846 663 924 735 sequi

259 733 262 743 '
308 735 445 810 Ajacem:
466 748 571 809 tamem
584 739 642 795 heu
655 739 750 799 serus!
773 739 911 795 adulteros

464 814 566 871 Crines
578 815 693 890 pulvere
705 815 833 873 colliues.

309 888 375 948 Non
390 890 572 961 Laertiaden,
586 892 703 951 exitium
716 903 786 949 tuae·

306 967 417 1039 Gentis,
432 985 489 1025 non
503 967 614 1041 Pylium
628 969 750 1026 Nestora
762 968 880 1043 respicis
887 971 899 1022 ‘l

306 1042 415 1119 Urgent
429 1044 560 1119 impavidi
574 1054 601 1102 te
639 1046 790 1110 elnmiuius

463 1046 638 1257 Touesis?
643 1121 796 1180 Sthenelus
808 1124 903 1179 sciens
915 1133 966 1215 y·

307 1199 424 1273 Pugnae,
437 1199 495 1264 sive
508 1216 579 1274 opus
591 1217 608 1257 e
648 1200 808 1275 imperitare
821 1199 910 1275 equis,

305 1274 373 1333 Non
387 1276 484 1350 auriga
496 1276 582 1351 piger.
624 1276 773 1335 Merionen
784 1294 897 1351 quoque
909 1291 913 1296 ·

306 1350 423 1409 Nosces.
458 1350 535 1409 Ecce
549 1352 615 1410 furit
627 1364 656 1411 te
669 1354 791 1429 reperire
804 1365 884 1409 anon

462 1428 600 1503 Tydides,
613 1431 712 1488 melior
726 1440 821 1505 petre:

305 1506 402 1567 Quem
415 1516 456 1577 tu,
470 1524 569 1564 cervus
581 1504 623 1565 uti
638 1508 717 1564 vallis
730 1508 760 1563 in
773 1507 862 1563 alteri

306 1582 406 1639 Visum
419 1594 498 1659 parte
511 1584 608 1659 lupum
623 1583 759 1658 graminis
773 1583 928 1650 immemor,

307 1660 429 1717 Sublimi
443 1659 472 1716 fu
493 1661 533 1716 'es
546 1660 637 1717 mollis
651 1659 786 1730 anhelitu,

490 1756 528 1795 cn
542 1738 596 1794 hoc
609 1737 750 1813 pollicitus
762 1748 827 1793 ture.

306 1813 448 1872 Iracunda
460 1815 535 1871 diem
549 1815 671 1889 proferet
685 1814 740 1872 Ilio
805 1840 816 1851 ·

306 1890 498 1965 Mutronisque
512 1890 655 1968 Phrygum
669 1891 766 1949 classis
780 1890 921 1949 Achillei:

307 1968 374 2026 Post
386 1980 478 2026 cerus
491 1969 598 2026 hiemes
612 1979 675 2026 uret
688 1968 818 2025 Achai'us

463 2044 543 2122 Ignis
556 2045 727 2124 Pergameas
741 2046 867 2103 dcm0s.¹'

550 2353 633 2428 ons
653 2353 736 2409 xiv.

557 2483 726 2522 PALINODIA.

304 2584 333 2642 0
346 2601 450 2640 ussus
464 2582 584 2658 pulchri
598 2581 657 2638 filia
668 2582 821 2658 pulchrior,

302 2659 401 2724 Quem
414 2659 573 2719 criminosis
586 2678 701 2734 cunque
715 2659 790 2718 voles
802 2661 918 2718 modurn
991 2704 994 2708 -
1019 2698 1024 2708 ·

381 2737 473 2795 Penes
486 2738 601 2806 iambis;
623 2740 682 2794 sive
696 2736 819 2808 flammai,

470 2816 536 2872 Sive
549 2815 620 2872 mari
633 2815 703 2872 libet
714 2815 871 2873 Hadriano.

304 2892 371 2950 Non
385 2892 576 2967 Dindymene,
591 2911 648 2948 non
659 2893 750 2966 adytis
763 2893 852 2966 quatit
928 2906 932 2914 ·

305 2969 433 3028 Mentem
446 2969 624 3024 sacerdotum
637 2969 870 3040 incolaPythius,
883 3015 892 3020 .

384 3046 451 3103 Nou
465 3043 550 3100 Liber
565 3041 656 3119 reque,
670 3063 728 3100 non
741 3055 825 3099 acuta
962 3087 966 3096 .

460 3122 510 3179 Sic
524 3121 672 3196 geminant
684 3119 859 3192 Corybantes
873 3140 938 3190 era,

303 3200 414 3259 Tristes
425 3211 456 3256 ut
469 3201 534 3257 irae:
556 3216 625 3273 quas
639 3216 730 3272 neque
745 3195 868 3254 Noricus

304 3277 435 3338 Deterret
447 3277 533 3348 ensis,
547 3294 601 3333 nec
615 3293 692 3332 mare
706 3274 882 3350 naufragum,

382 3353 446 3411 Nec
459 3371 549 3410 sevus
563 3354 647 3428 ignis,
662 3371 716 3410 nec
729 3352 875 3410 demendo

460 3431 569 3506 Jupiter
583 3431 643 3507 ipse
659 3449 742 3488 ruens
755 3428 884 3488 tumultu.

303 3510 404 3567 Fertur
418 3505 603 3566 Prometheus
616 3508 720 3565 addere
734 3505 853 3582 principi

304 3586 386 3646 Limo
400 3596 515 3644 coactus
527 3585 693 3661 particulam
708 3583 831 3658 undique

382 3663 544 3735 Desectam,
557 3674 587 3720 et
600 3659 692 3719 insani
706 3662 795 3720 leonis

461 3740 528 3798 Vim
542 3740 687 3799 stomacho
699 3739 860 3813 apposuisse
874 3749 976 3796 nostro.
1074 3724 1076 3727 ⁵
