2550 4225
409 266 651 346 srrsromamu
669 296 725 345 mn
752 298 772 345 1.
790 299 828 345 rs.
1050 300 1107 361 167

164 432 246 494 Quid
260 433 296 490 de
309 448 418 507 quoque
432 435 500 506 viro,
512 446 540 492 et
553 434 600 491 cui
614 436 703 506 dicas,
717 434 793 509 sape
807 437 908 493 videto:

166 510 414 567 Percunctatorem
428 512 536 585 fugito3
557 530 623 568 nam
636 515 765 586 garrulus
779 513 853 568 idem
867 524 920 582 est,

166 587 231 643 Nec
244 588 367 644 retinent
380 589 481 661 patulae
496 589 647 646 commissa
659 589 779 644 fideliter
793 608 889 656 aures;
1066 592 1105 648 70

165 663 204 719 Et
217 664 303 720 semel
317 666 450 721 emissum
465 665 537 722 volat
551 666 733 722 irrevocabile
746 666 869 720 verbum.
1110 728 1117 739 ,

204 739 329 801 Qualem
343 743 524 798 commendes
535 743 620 799 etiarn
635 754 718 815 atque
731 742 816 798 etiarn
830 742 942 816 aspice,
964 762 1001 799 ne
1013 762 1079 801 mox

166 817 312 875 Incutiant
325 819 417 875 aliena
430 819 480 875 tibi
493 829 611 892 peccata
623 821 768 891 pudorem.

165 893 312 966 Fallimur,
325 906 354 951 et
366 896 508 967 quondam
522 915 579 952 non
594 896 712 968 dignum
726 898 874 952 tradimus:
895 915 972 970 ergo,

164 969 262 1031 Quem
277 989 328 1027 sua
341 973 425 1045 culpa
436 982 553 1046 premet,
567 973 702 1044 deceptus
714 973 811 1029 omitte
822 974 909 1029 tueri:
1065 975 1104 1029 75

165 1047 204 1104 Ut
216 1045 330 1121 penitlrs
343 1059 451 1117 uotum,
465 1049 489 1103 si
502 1059 612 1105 tentent
625 1048 754 1118 crimina,
768 1068 870 1119 serves,

27 1156 29 1165 =
130 1127 134 1132 “
166 1124 336 1198 Τυῐοτίεᾳυθ
350 1135 399 1181 tuo
411 1124 545 1181 fidentem
558 1124 704 1199 presidio,
725 1126 773 1199 qui

166 1200 260 1257 Dente
274 1202 427 1257 Theonino
440 1219 526 1275 quum
540 1203 766 1272 circumditur,
778 1204 880 1276 ecquid

167 1278 215 1333 Ad
228 1288 256 1334 te
269 1275 334 1351 pdst
346 1275 431 1351 pauld
445 1290 562 1335 ventura
574 1280 700 1351 pericula
713 1281 819 1335 sentisl

167 1354 242 1411 Nam
256 1365 306 1411 tua
319 1373 364 1410 res
377 1356 478 1429 agitur,
491 1356 584 1428 paries
596 1374 683 1429 quum
696 1358 839 1429 proximus
852 1359 947 1427 ardet,

168 1432 205 1489 Et
218 1432 348 1507 neglecta
361 1432 450 1488 solent
465 1432 598 1489 incendia
611 1451 722 1488 sumere
736 1435 815 1490 vires.

206 1510 306 1566 Dulcis
320 1509 472 1582 inexpertis
485 1508 594 1564 cultura
607 1510 729 1582 potentis
742 1511 843 1578 amici;

167 1586 307 1661 Expertus
320 1586 427 1641 metuit.
468 1584 527 1654 Tu,
541 1584 672 1641 dum'tua
685 1588 764 1641 navis
777 1588 806 1642 in
820 1588 876 1643 alto
888 1598 941 1659 est,

168 1664 233 1722 Hoc
246 1682 298 1739 age
312 1681 349 1718 ne
362 1671 469 1717 mutata
481 1659 630 1717 retrorsum
645 1672 673 1717 te
687 1663 756 1718 serat
768 1682 843 1719 aura.

206 1741 337 1797 Oderunt
350 1739 468 1795 hilarem
481 1738 583 1809 tristes,
597 1738 761 1811 tristemque
770 1740 876 1813 jocosi3

169 1819 305 1875 Sedatum
319 1817 434 1885 celeres,
449 1815 551 1889 agilem
565 1834 742 1889 gnavumque
756 1817 881 1872 remissi:

168 1896 283 1952 Potores
296 1893 384 1949 bibuli
397 1892 492 1949 medid
505 1893 542 1947 de
555 1906 638 1949 nocte
652 1893 766 1949 Falerni

167 1973 299 2030 Oderunt
310 1981 438 2044 porrecta
451 1981 601 2043 negantem
615 1971 717 2045 pocula
724 1991 732 2038 ς
753 1971 878 2045 quamvis

168 2049 331 2106 Nocturnus
341 2048 418 2122 jures
431 2057 459 2103 te
473 2046 620 2105 formidare
634 2067 757 2123 vapores.

134 2165 140 2176 ·
169 2128 261 2184 Deme
272 2125 424 2201 supercilio
436 2126 555 2182 nubem:
576 2124 741 2201 plerumque
755 2128 898 2184 modestus

168 2203 302 2278 Occupat
314 2202 427 2260 obscuri
441 2203 574 2277 speciem,
587 2204 745 2260 taciturnus
758 2205 861 2260 acerbi.

207 2282 285 2338 luter
299 2291 402 2337 cuncta
415 2280 501 2353 leges,
515 2290 545 2335 et
556 2281 757 2353 percontabere
771 2281 877 2350 doctos,

167 2358 237 2420 0,υᾶ
251 2359 358 2415 ratione
371 2375 457 2431 queas
470 2357 616 2413 traducere
629 2357 730 2412 leniter
744 2374 832 2410 aevum
844 2375 852 2423 ;

168 2434 215 2492 Ne
229 2447 257 2493 te
271 2452 380 2509 semper
393 2435 474 2508 inops
488 2434 574 2508 agitet
587 2443 722 2506 vexetque
735 2432 849 2506 cupido,

169 2513 215 2570 Ne
229 2531 323 2587 pavor,
337 2523 366 2567 et
378 2529 471 2567 rerum
485 2511 664 2567 mediocriter
678 2510 788 2566 utilium
802 2527 882 2583 spes:

169 2590 310 2648 Virtutem
324 2589 452 2644 doctrina
465 2599 552 2660 paret,
567 2598 703 2644 naturane
717 2589 802 2642 donet
811 2606 832 2654 ς’

168 2665 251 2728 Quid
263 2666 372 2722 minuat
384 2683 476 2734 curas,
489 2665 556 2738 quid
569 2675 597 2721 te
611 2665 662 2720 tibi
675 2665 774 2722 reddat
788 2663 926 2730 amicum;

169 2744 251 2804 Quid
263 2739 334 2818 pure
349 2741 517 2814 tranquillet,
532 2743 629 2813 honos,
644 2762 681 2798 an
695 2741 779 2798 dulce
792 2741 933 2809 lucellum,

171 2822 219 2878 An
233 2831 372 2896 secretum
386 2819 447 2888 iter,
461 2828 489 2874 et
501 2819 622 2876 fallentis
635 2819 736 2876 semita
749 2820 819 2874 vitae.

210 2897 260 2954 lde
273 2897 382 2972 quoties
395 2895 486 2952 reficit
498 2897 607 2967 gelidus
620 2895 755 2968 Digentia
768 2898 851 2966 rivus,
1049 2895 1105 2952 100

170 2975 269 3037 Quem
283 2972 417 3030 Mandela
432 2970 511 3040 bibit,
525 2989 643 3044 rugosus
658 2972 758 3044 frigore
771 2991 870 3044 pagus,

169 3051 251 3115 Quid
264 3051 368 3108 sentire
382 3048 482 3124 putasl
502 3047 568 3121 quid
582 3047 684 3116 credis,
698 3048 798 3117 amice,
811 3049 940 3120 precaril

171 3134 189 3160 ‘⁴
199 3129 243 3186 Sit
257 3129 327 3185 mihi
340 3127 415 3200 quod
429 3143 506 3180 nunc
519 3136 571 3195 est,
585 3125 670 3181 etiarn
684 3124 793 3179 minus:
813 3135 842 3180 et
855 3124 924 3180 mibi
937 3125 1027 3180 vivam

168 3204 257 3267 Quod
271 3213 397 3278 superest
411 3202 472 3272 aevi,
485 3202 508 3258 si
522 3203 589 3276 quid
603 3219 747 3276 superesse
761 3201 857 3256 volunt
870 3199 918 3256 di:

170 3285 214 3340 Sit
227 3283 302 3340 bona
315 3281 448 3337 librorum
462 3291 491 3336 et
503 3280 618 3354 provise
632 3279 721 3352 frugis
734 3279 763 3334 in
778 3295 883 3332 annum
1049 3279 1105 3334 105

169 3360 277 3434 Copia3
299 3377 356 3415 neu
370 3357 477 3414 fluitem
491 3357 584 3414 dubiae
598 3375 647 3430 spe
659 3356 799 3429 pendulus
813 3354 895 3409 horae.

141 3435 145 3448 '
170 3438 228 3496 Sed
241 3433 312 3494 satis
323 3445 366 3492 est
379 3454 458 3492 crare
473 3434 572 3491 lovem
586 3451 648 3508 quae
662 3434 749 3488 donat
759 3443 789 3487 et
802 3430 908 3486 aufert:

169 3513 227 3572 Det
239 3512 335 3586 vitam,
348 3514 397 3570 det
409 3530 477 3588 opes
487 3531 495 3580 ;
516 3529 626 3586 equum
641 3509 680 3567 mi
694 3510 821 3566 anunum
834 3508 894 3582 ipse
905 3508 1036 3582 parabo.”
