2550 4225
419 292 663 343 uels'rounltuu
679 255 744 343 Llll.
762 296 783 344 1.
801 299 838 344 18.

176 432 240 494 Qui
253 431 333 500 dicit,
347 430 460 501 elamat,
475 430 621 499 “Victum
635 432 728 489 date.'’
768 436 900 492 Succiuit
910 436 998 496 alter:

178 513 197 541 “
210 509 247 564 Et
260 506 329 564 mibi
344 507 457 562 dividuo
468 507 593 565 findetur
606 528 724 567 munere
736 512 869 583 quadra.”

178 587 237 644 Sed
251 585 354 641 tacitus
368 584 446 672 pasci
460 584 484 639 si
497 598 592 659 posset
605 604 716 657 corvus,
730 588 845 645 baberet

178 662 247 720 Plus
259 661 350 735 dapis,
363 671 392 719 et
405 662 472 717 rixoe
486 661 574 719 multd
588 664 684 719 minus
686 633 881 739 ,invidiaque

219 740 409 797 Brundusium
424 756 520 795 comes
534 751 582 796 aut
571 710 764 799 tSurreirtum
784 744 888 800 ductus
900 762 1051 818 arnoenum,

179 816 242 877 Qui
254 816 379 905 queritur
392 816 515 872 salebras
528 828 558 873 et
570 819 705 876 acerbum
719 820 807 907 frigus
820 831 849 876 et
862 820 1066 893 imbres„

181 894 242 951 Αιιι
254 894 355 951 cistam
368 892 513 948 effractam
527 905 575 953 aut
588 896 727 953 subducta
740 897 841 953 viatica
850 898 948 969 plorat,

181 971 257 1028 Nota
269 972 354 1027 relert
367 970 522 1025 meretricis
536 972 678 1041 acumina,
693 991 768 1045 sape
783 974 922 1043 catellam,

181 1045 265 1121 Seps
280 1046 475 1121 periscelidem
488 1058 596 1120 raptam
611 1049 664 1104 sibi
679 1049 789 1117 dentis3
811 1047 852 1106 uti
863 1069 927 1107 mcx

180 1123 267 1181 Nulla
279 1124 350 1181 lides
362 1124 474 1178 damnis
487 1126 613 1197 verisque
627 1126 770 1182 doloribus
783 1127 862 1182 adsit.

180 1200 245 1257 Nec
257 1200 344 1257 semel
359 1200 455 1255 irrisus
468 1201 556 1257 triviis
569 1203 695 1259 attollere
707 1214 788 1259 curat

180 1276 285 1334 Fracto
295 1295 378 1333 crure
386 1276 503 1349 planum
515 1298 522 1345 ;
543 1279 610 1335 licet
623 1280 663 1338 illi
673 1280 793 1354 plurima
807 1293 902 1337 manet

180 1354 337 1427 Lacryma;
358 1370 408 1427 per
421 1366 550 1411 sanctum
562 1356 671 1429 juratus
684 1358 761 1413 dicat
773 1357 890 1427 Osirim,

181 1435 199 1461 ‘⁴
214 1430 339 1501 Credite,
354 1448 411 1486 nou
424 1429 509 1498 ludo;
531 1434 671 1504 crudeles,
685 1434 773 1491 tollite
785 1434 947 1491 claudum.¹²

180 1512 199 1538 “
212 1507 320 1569 Quare
333 1506 541 1582 peregrinum,'’
556 1509 661 1567 vicinio
674 1530 761 1567 rauca
772 1511 914 1569 reclamat.

457 1792 665 1871 a'msuouu
679 1815 794 1872 ιινιιι.

531 1950 570 1989 AD
589 1950 726 1990 botulum.

180 2053 213 2109 Sr
228 2053 300 2108 beue
313 2060 341 2106 te
355 2000 429 2137 novi,
443 2058 561 2119 metues,
575 2048 717 2105 liberrime
730 2049 812 2120 Lolli,

180 2127 341 2188 Scurrantis
354 2127 477 2200 speciem
490 2125 623 2212 prebere,
637 2125 779 2199 professus
789 2127 920 2184 amicum.

177 2206 217 2263 Ut
230 2215 357 2262 matrona
366 2202 507 2258 meretrici
520 2202 614 2274 dispar
624 2203 677 2258 erit
689 2214 773 2277 etque
893 2211 898 2218 '

178 2281 318 2351 Discolor,
332 2279 420 2338 infido
433 2297 536 2334 scurrae
550 2275 665 2334 distabit
677 2279 793 2336 amicus

178 2357 311 2416 Esthuic
325 2356 466 2414 diversum
480 2354 547 2410 vitio
557 2353 656 2410 uitium
668 2353 759 2428 propd
770 2356 870 2431 majus,

178 2435 325 2510 Asperitas
338 2434 455 2507 agrestis
468 2442 497 2488 et
508 2431 681 2488 inconcinna
693 2433 849 2504 gravisque,

178 2513 255 2573 Quae
269 2530 300 2568 se
314 2510 493 2569 commendat
505 2507 587 2564 tonsa
597 2517 673 2577 cote,
687 2508 820 2564 dentibus
832 2507 915 2575 atris3

177 2590 255 2647 Dum
269 2588 328 2644 rult
341 2587 453 2643 libertos
466 2587 522 2642 dici
537 2603 622 2652 mera,
636 2601 755 2672 veraque
768 2585 863 2640 uirtus.

177 2667 276 2724 Virtus
288 2675 332 2722 est
345 2663 470 2720 medium
481 2662 610 2718 uitiorum
620 2670 650 2716 et
663 2662 792 2735 utrinque
802 2662 959 2719 reductum.

178 2743 260 2800 Alter
274 2742 303 2798 in
317 2740 480 2814 obsequium
495 2738 560 2816 plirs
574 2757 653 2812 aequo
666 2757 781 2813 pronus,
794 2749 823 2795 et
836 2738 885 2794 imi

176 2819 293 2876 Derisor
306 2818 383 2887 lecti,
397 2817 438 2872 sic
451 2828 551 2872 nutum
565 2817 658 2873 divitis
672 2818 775 2886 horret,

177 2897 249 2953 Sic
241 2906 322 2952 iterat
336 2911 429 2963 voces,
442 2904 472 2949 et
484 2894 568 2949 verba
580 2894 711 2949 cadentia
723 2863 805 2964 tollit,
881 2956 884 2962 ,

177 2972 216 3030 Ut
228 2989 347 3048 puerum
361 2987 435 3026 saevo
448 2971 546 3024 credas
556 2970 661 3026 dictata
674 2971 806 3045 magistro

177 2993 323 3118 Reddere,
337 3048 380 3103 vel
394 3056 487 3120 partes
501 3047 616 3103 mimum
628 3056 748 3103 tractura
762 3049 911 3105 oeeuudas

177 3127 259 3183 Alter
272 3126 378 3182 rixatur
391 3125 429 3181 de
437 3123 503 3180 land
516 3141 591 3196 saepe
602 3121 729 3197 caprinis,

177 3202 340 3276 Propugnat
353 3201 437 3276 nugis
451 3212 591 3257 armatus
613 3202 770 3271 “Scilicet,
782 3213 813 3258 ut
826 3220 883 3260 uon

178 3279 223 3336 Sit
236 3279 305 3334 mibi
318 3279 408 3354 prima
422 3278 501 3348 fides,
515 3288 554 3348 et,
568 3295 633 3332 vere
647 3279 722 3350 quod
734 3247 836 3351 plicet,
847 3289 879 3333 ut
892 3297 951 3335 nen

175 3356 292 3413 Acriter
306 3355 431 3421 elatrem,
444 3355 565 3430 pretium
580 3365 648 3410 etas
661 3355 748 3410 altera
760 3356 882 3410 sordet.’'

177 3433 341 3508 Ambigitur
353 3433 421 3506 quid
434 3451 510 3488 enus
521 3434 533 3487 l
553 3430 655 3487 Castor
667 3431 739 3486 sciat
752 3449 789 3485 an
803 3430 938 3487 Dolichos
946 3431 1026 3505 plus;

176 3509 370 3568 Brundusium
384 3507 495 3565 Minuci
510 3505 649 3564 melius
625 3525 669 3562 vra
679 3508 775 3577 ducat,
786 3525 822 3561 an
837 3505 947 3583 Appiy
1077 3509 1118 3565 20

215 3587 315 3648 Quem
329 3587 464 3642 damnoso
477 3585 586 3654 Venus,
600 3601 684 3672 quem
697 3601 822 3656 preceps
835 3584 896 3640 ales
909 3586 1007 3656 nudat,

176 3664 273 3722 Gloria
286 3681 370 3738 quem
383 3681 467 3736 supra
479 3662 552 3717 vires
565 3671 595 3716 et
607 3660 690 3716 vestit
701 3673 731 3715 et
744 3660 834 3734 ungit,

175 3739 273 3803 Quem
287 3750 365 3798 tenet
378 3739 487 3813 argenti
502 3739 562 3796 sitis
575 3738 735 3812 importuna
747 3737 900 3812 fumesque,
