2550 4225
468 292 672 343 SATIRARUM
688 296 753 344 LlB.
769 297 790 344 l.

172 431 316 495 indormis
329 430 451 501 inhians,
466 433 494 487 e‘t
507 442 641 506 tanquam
654 452 771 507 parcere
783 435 871 492 sacris
920 489 924 493 .

172 507 303 583 Cogeris,
318 518 367 563 aut
379 508 463 582 pictis
476 519 608 581 tanquam
618 513 748 583 -gaudere
761 510 878 569 tabellis.

171 584 277 641 Nescis
290 603 345 658 quo
358 584 448 640 valeat
461 602 602 656 nummus,
617 604 701 661 quem
714 587 836 659 praebeat
848 588 949 643 usuml

169 662 258 718 Panis
271 671 391 729 ematur,
402 661 474 730 olus,
488 662 545 717 vini
558 663 711 718 sextarius:
732 663 815 733 adde,

169 738 265 799 Queis
279 740 404 794 humana
416 738 468 793 sibi
483 738 576 794 doleat
590 750 690 795 natura
703 740 820 813 negatis.
870 792 885 829 ι

172 815 220 871 An
235 816 349 889 vigilare
362 826 439 871 metu
453 816 621 886 exanimem,
636 827 789 889 noctesque
801 816 919 890 diesque

171 891 336 949 Formidare
350 892 437 947 malos
452 891 535 961 fures,
551 892 692 962 incendii,
706 910 810 962 servos,

169 968 218 1025 Ne
232 978 260 1025 te
274 968 426 1042 compilent
440 968 588 1043 fugientes,
603 969 657 1024 hoc
667 969 765 1042 jurati
785 970 885 1025 horum

171 1046 289 1119 Semper
303 1064 357 1119 ego
370 1046 489 1119 optarim
502 1046 695 1119 pauperrimus
707 1063 770 1101 esse
784 1045 970 1103 bonorum.-

171 1122 222 1192 At,
236 1122 261 1178 si
272 1122 417 1179 condoluit
430 1132 566 1178 tentatum
581 1121 683 1197 frigore
696 1140 807 1197 corpus,
839 1171 846 1181 .

170 1198 231 1255 Aut
244 1199 317 1255 alius
327 1217 410 1253 casus
423 1198 497 1255 lecto
510 1210 538 1255 te
554 1199 650 1274 allisit,
665 1200 751 1256 habes
764 1202 811 1273 qui

170 1276 313 1345 desideat,
328 1268 548 1351 fomenta'paret,
562 1277 705 1335 medicum
719 1275 807 1350 roget
820 1286 852 1332 ut
864 1286 893 1331 te

170 1352 304 1422 Suscitet,
316 1368 350 1407 ac
363 1352 462 1408 reddat
475 1354 548 1409 natis
561 1353 689 1426 carisque
701 1346 918 1427 propinqriisl-

168 1428 236 1485 Non
250 1447 321 1484 uxor
334 1428 441 1484 salvum
454 1440 482 1485 te
496 1429 563 1499 vult,
578 1448 635 1485 non
649 1429 739 1485 filius:
758 1448 858 1486 omnes

168 1505 266 1561 Vicini
280 1506 409 1575 oderunt,
424 1506 586 1578 noti,'pueri
600 1517 683 1578 atque
696 1506 805 1579 puellae·

168 1580 292 1651 Miraris,
305 1600 393 1656 quum
406 1591 436 1637 tu
451 1590 567 1655 urgento
580 1592 643 1655 post
654 1582 750 1637 omnia
762 1600 861 1655 ponas,

168 1658 299 1741 {nemo
312 1666 433 1732 praestet,
446 1675 530 1731 quem
544 1676 601 1714 nou
615 1658 758 1728 merearis,
773 1659 917 1715 amoreml

153 1802 155 1808 A
168 1736 228 1806 An,
242 1734 266 1790 si
280 1742 424 1808 cognatos,
437 1734 515 1790 nullo
529 1744 629 1791 natura
641 1728 736 1791 labore

165 1812 250 1873 Quos
263 1811 315 1867 tibi
328 1812 386 1889 dat,¹
399 1810 520 1867 retinere
534 1811 612 1881 velis,
626 1830 792 1886 servareque
805 1812 921 1881 amicos

167 1887 271 1944 Infelix
283 1904 396 1961 operam
409 1888 519 1961 perdas,
533 1898 564 1943 ut
577 1887 601 1943 si
614 1888 678 1962 quis
691 1888 807 1947 asellum

166 1964 202 2021 ln
216 1982 318 2037 campo
330 1964 431 2019 doceat
444 1974 588 2037 parentem
602 1982 715 2022 currere
729 1967 843 2023 fraenisl

165 2040 297 2114 Denique
311 2039 347 2095 sit
360 2038 424 2094 finis
436 2040 579 2113 querendi
591 2060 598 2111 3
618 2061 728 2118 quoque
742 2044 847 2100 habeas
855 2042 929 2118 plus,

164 2117 333 2193 Pauperiem
343 2125 451 2172 metuas
464 2114 568 2192 minus,
582 2131 611 2177 et
623 2121 705 2176 finire
718 2121 842 2178 laborem

165 2195 302 2270 Incipias,
315 2205 394 2270 parto
407 2196 479 2269 quod
494 2197 611 2264 arebas;
632 2216 670 2253 ne
683 2197 771 2252 facias
782 2198 857 2270 quod

165 2271 327 2328 Ummidius
338 2271 462 2345 quidum,
476 2289 533 2328 non
542 2271 627 2344 longa
640 2283 684 2326 est
697 2272 799 2342 fabula,
813 2271 891 2327 dives

164 2348 203 2406 Ut
217 2348 361 2404 metiretur
375 2366 524 2414 nummos;
544 2347 583 2404 ita
595 2346 734 2416 sordidus,
748 2357 779 2402 ut
791 2365 823 2402 se

164 2423 234 2482 Nou
249 2442 372 2498 unquam
385 2419 464 2480 ser'vo
477 2421 579 2479 melius
592 2423 720 2490 vestiret;
742 2423 778 2478 ad
791 2439 880 2494 usque

165 2504 337 2578 Supremam
350 2511 471 2575 tempus,
485 2519 523 2556 ne
533 2518 564 2555 se
577 2499 695 2574 penuria
704 2497 796 2554 victris

164 2579 353 2654 opprimeret,
368 2577 517 2635 metuebat.
553 2577 593 2632 At
606 2577 684 2632 hunc
695 2574 795 2636 liberta
806 2575 899 2632 securi

164 2656 269 2713 Divisit
281 2656 417 2726 medium,
431 2654 580 2712 fortissima
593 2651 870 2729 Tyndaridarum-
1047 2657 1105 2717 100

164 2733 246 2795 Quid
260 2731 299 2788 mi
314 2733 399 2808 igitur
411 2735 533 2792 suaderi
553 2746 583 2792 ut
596 2733 687 2792 vivam
700 2731 728 2792 N
731 2734 835 2792 eriusl
854 2742 904 2807 aut
915 2731 958 2789 sic

165 2809 204 2867 Ut
217 2809 572 2886 Nomentanusl-Pergis
584 2813 740 2887 pugnantia
752 2831 850 2869 seeum
863 2809 867 2814 ’

165 2886 318 2944 Frontibus
331 2887 454 2943 adversis
467 2890 655 2961 componeret
687 2889 754 2946 Non
768 2909 832 2963 ego,
846 2906 960 2961 avarum
1022 2921 1032 2928 ·

163 2962 265 3025 Quum
279 2974 341 3020 veto
354 2975 383 3020 te
396 2963 466 3034 lieri,
480 2978 596 3036 vappam
607 2963 695 3036 jubeo
707 2983 742 3020 ae
755 2959 936 3021 nebulonem

164 3039 218 3097 Est
230 3041 304 3098 inter
318 3041 442 3098 Tanaim
454 3039 587 3112 quiddam
601 3057 786 3114 socerumque
798 3039 907 3099 Viselli.
1048 3041 1105 3098 105

56 3177 60 3184 ,
163 3116 216 3174 Est
229 3118 330 3174 modus
343 3118 372 3173 in
386 3116 479 3188 rebus,
493 3127 559 3172 sunt
571 3117 641 3173 certi
655 3117 776 3191 denique
789 3117 869 3187 lines,

162 3192 248 3255 Quos
260 3195 333 3250 ultra
346 3194 471 3266 citraque
484 3193 582 3268 nequit
594 3195 749 3252 consistere
762 3204 880 3251 rectum.

202 3270 287 3341 llluo,
301 3270 378 3327 unde
392 3271 458 3341 abii,
472 3272 565 3327 redeo.
600 3270 722 3328 Nemon'
737 3281 768 3328 ut
781 3288 881 3327 avarus

162 3348 202 3404 Se
215 3347 323 3442 probet,
337 3357 366 3404 ut
378 3347 472 3421 potiris
485 3348 581 3404 laudet
594 3348 704 3404 diversa
716 3349 885 3421 sequentes'l

160 3424 307 3498 Quodque
321 3423 627 3500 alienacapellsgerat
640 3424 789 3481 distentius
801 3424 881 3494 uber,
1046 3425 1104 3482 11⁰

161 3499 327 3557 Tabescatl
348 3519 440 3574 neque
450 3521 482 3556 se
495 3501 593 3575 majori
606 3501 805 3575 pauperiorum

160 3575 269 3634 Turbae
283 3577 446 3652 comparetl
466 3579 543 3634 hunc
557 3588 641 3650 atque
654 3578 731 3634 hunc
743 3593 876 3650 superare
889 3576 1017 3634 laboretl

161 3655 212 3712 Sic
226 3655 370 3710 festinanti
384 3673 494 3728 semper
506 3653 671 3728 locupletior
683 3654 792 3724 obstat:

160 3731 208 3802 Ut,
221 3748 309 3806 quum
323 3731 485 3793 carceribus
498 3731 597 3788 missos
610 3729 682 3809 rapit
692 3731 799 3806 ungula
810 3748 920 3802 currus,
