2550 4225
445 295 648 347 strumum
664 298 730 345 utu.
747 299 782 346 11.
800 301 823 345 2.

185 435 313 492 Incutiat
324 435 374 491 rius·
387 436 454 507 quid
467 447 629 493 sarrotururn
643 437 756 493 inmitia
767 437 873 511 legum,

185 513 217 568 Si
231 512 304 567 maia
318 512 476 568 condiderit
491 514 519 569 in
533 532 616 586 quem
626 510 693 585 ¹quis
704 514 840 581 earmina,
852 513 898 587 jus
910 525 954 571 ent

184 590 202 645 J
205 590 392 663 udioiumquo.

559 735 701 767 lrurrs'rwS.

497 818 574 889 Esto,
589 819 612 875 si
625 820 689 892 quis
701 819 791 885 maia;
810 820 862 877 sed
876 819 949 877 bona
962 820 986 876 si
997 820 1061 892 quis

183 899 200 954 J
204 899 285 953 udioo
300 897 457 952 condiderit
471 897 599 952 laudatus
613 897 737 967 Caesare,
748 897 771 951 si
782 897 847 968 quis

182 975 346 1049 Opprobriis
361 974 477 1047 dignum
493 974 640 1041 latraverit,
654 974 762 1047 integer
775 974 857 1047 ipset
1080 972 1119 1027 85

550 1118 708 1165 rueramus.

183 1204 330 1259 Solvuntur
345 1203 401 1259 risu
414 1202 516 1259 tabulae
528 1222 534 1268 3
556 1212 587 1257 tu
599 1202 702 1258 missus
714 1202 812 1259 abibis.

524 1549 679 1611 SATIRA
701 1552 739 1608 11.

182 1672 260 1732 Qun
275 1672 361 1727 vimis
374 1680 403 1725 et
413 1678 527 1743 quanta,
541 1668 619 1739 boni,
633 1669 669 1725 sit
683 1669 773 1726 rivere
786 1689 881 1745 parvo,

181 1748 245 1804 Neo
259 1766 339 1804 meus
350 1748 396 1803 hio
410 1764 502 1803 sermo
514 1756 566 1817 est,
579 1746 631 1801 sed
642 1765 707 1820 que
718 1765 811 1822 prece
830 1749 838 1760 '
862 1748 975 1807 otetur

180 1826 329 1895 Rusticus,
341 1822 482 1880 abnormis
494 1824 607 1897 sapiens
619 1824 770 1898 manetque
817 1826 923 1897 'ueer

181 1902 298 1972 Discite,
312 1920 367 1957 uon
383 1901 454 1957 inter
467 1900 563 1957 ianm
574 1918 742 1975 areamque
752 1903 886 1974 meum,

178 1978 278 2037 Quum
293 1989 384 2051 stupet
398 1978 504 2033 insanis
518 1978 593 2034 acies
606 1977 770 2053 tidgorihus,
781 1991 813 2036 et
824 1996 912 2053 quum

179 2055 309 2111 Aoolinis
323 2054 398 2111 salsis
411 2055 522 2111 animus
535 2054 652 2113 meliora
664 2065 793 2125 retusam

178 2131 288 2190 verum
301 2129 349 2187 hio
363 2132 496 2205 impransi
508 2148 621 2188 meeum
633 2133 887 2206 disquirite-Cur
900 2134 1018 2191 boot-

178 2207 291 2279 Dicam,
303 2209 326 2264 si
337 2219 441 2281 potero.
472 2205 550 2264 Male
564 2223 662 2266 verum
676 2210 922 2268 examintoenuis

178 2286 335 2360 Corruptus
345 2285 440 2358 juder.
474 2285 612 2357 Leporem
626 2295 760 2356 seotatus,
771 2305 882 2360 equove

178 2363 283 2418 Lassus
297 2362 333 2417 ab
344 2361 489 2431 indomito,
505 2361 583 2428 vei‚si
598 2360 731 2418 Romana
744 2363 841 2436 fatigat

177 2439 282 2495 Militia
296 2449 438 2495 assuetum
450 2437 577 2512 grauari,
592 2456 643 2492 seu
655 2438 713 2512 pila
725 2438 816 2509 velox,

106 2557 110 2566 .
179 2516 306 2573 Molliter
320 2514 568 2588 austorun1.studio
580 2514 695 2571 fallente
708 2515 842 2587 laborem,

179 2595 238 2649 Seu
251 2605 278 2650 to
292 2595 387 2649 disous
401 2595 473 2668 agit;
494 2602 558 2666 pete
573 2591 721 2657 cedentem
732 2596 803 2650 adra
815 2594 911 2650 diseo:

177 2671 277 2731 Quum
291 2671 368 2727 labor
381 2670 519 2726 extuderit
532 2669 653 2739 fastidia,
667 2671 769 2742 siccus,
783 2671 885 2740 innuis,

180 2749 288 2878 {perne
303 2747 396 2803 oibunr
412 2747 511 2816 vilem3
532 2747 587 2804 uisi
601 2745 748 2821 Hymettia
761 2748 846 2805 mella
858 2748 982 2805 Falerno
1080 2748 1116 2804 15

179 2843 190 2878 i
210 2843 226 2879 e
242 2825 343 2880 biberis
357 2825 452 2880 diluta
468 2821 549 2882 Foris
563 2835 605 2880 est
618 2843 741 2898 promus,
754 2838 784 2883 et
797 2837 888 2883 utrum

179 2901 343 2957 Defendens
357 2902 448 2974 pisoes
462 2901 567 2956 hiemat
581 2919 674 2969 mare3
695 2921 761 2958 oum
775 2904 833 2960 sale
846 2905 928 2979 panis

179 2978 340 3034 Latrantem
354 2977 530 3033 stomachum
542 2978 614 3031 bene
628 2978 733 3034 leniet.-
751 2979 834 3036 Urrde
847 2991 939 3055 putus,
949 2989 998 3036 aut

178 3053 240 3116 Qui
255 3056 385 3129 partum?
418 3053 485 3110 Non
500 3054 529 3109 in
543 3071 609 3108 caro
622 3054 721 3110 nidore
735 3056 860 3128 voluptas

180 3134 305 3200 Summa,
321 3133 369 3187 sed
384 3131 412 3188 in
426 3143 455 3186 te
469 3131 529 3204 ipso
543 3142 593 3186 est.
628 3129 676 3186 Tu
689 3131 875 3205 pulmentaria
887 3150 980 3206 quaete
1077 3132 1116 3188 2⁰

180 3210 330 3265 Sudando:
352 3211 486 3284 pinguiam
501 3207 574 3264 vitiis
588 3207 738 3281 albumque
751 3227 806 3264 neo
819 3220 921 3278 ostrea,

179 3285 241 3343 Neo
254 3305 360 3356 scarus,
375 3298 422 3342 aut
435 3286 535 3360 poterit
545 3286 696 3360 peregrina
706 3285 803 3359 juvare
815 3286 914 3360 lagois.

178 3363 234 3420 Vix
247 3374 341 3420 tamen
353 3364 482 3438 eripiam,
495 3363 586 3436 posito
599 3381 718 3436 pavone,
732 3363 801 3418 velis
810 3364 881 3436 quin

179 3439 242 3498 Hoc
254 3437 358 3514 potiris,
369 3439 457 3513 *quiam
471 3439 585 3514 geliiud,
598 3450 708 3513 tergere
721 3439 854 3513 palatum,
874 3487 880 3498 ,

178 3516 335 3591 Corruptus
347 3517 429 3574 nasis
439 3535 552 3584 sermm
571 3517 638 3591 quia
652 3527 752 3572 veneat
764 3535 833 3572 auro
991 3527 995 3533 ’
1077 3518 1116 3573 25

179 3593 256 3652 Rara
270 3595 337 3661 avis,
346 3607 380 3651 et
390 3595 467 3669 piotti
481 3595 585 3668 pandat
598 3593 760 3668 spectaeula
771 3594 872 3651 caudi.

179 3671 330 3746 Tanquam
345 3673 454 3727 adrem
468 3672 585 3728 attineat
596 3671 757 3744 quidquam.
799 3670 878 3727 Num
891 3671 1013 3728 vesoetis
1025 3672 1079 3728 int

178 3749 274 3812 Quam
289 3749 387 3808 laudas
399 3747 515 3826 phrmdt
536 3759 652 3806 oootove
664 3765 734 3805 uum
746 3749 827 3808 adest
840 3749 929 3808 honor
942 3749 1039 3808 ment
