2550 4225
129 281 188 341 100
446 280 475 337 Q·
495 280 638 329 HORATII
656 279 788 333 FLAOEL

171 422 216 475 Ac
230 419 298 475 mihi
312 438 361 477 seu
375 401 491 493 longum
504 431 567 495 pont
579 432 691 494 tempu
702 431 818 477 venerut
830 421 940 495 hopes,

169 497 235 552 Sive
248 514 364 569 operum
378 504 472 552 vncuo'
479 507 575 571 gratus
588 498 706 553 conviva
719 514 769 571 per
782 498 900 553 imbrem

170 573 300 638 VicinuS,
315 574 387 629 bene
400 584 469 643 emt,
484 592 539 629 non
554 574 678 647 piscibus
691 573 760 628 urbe
772 572 877 647 petitis,

170 650 227 703 Sed
241 649 319 722 pullo
330 661 412 721 etque
427 652 526 706 hoedo:
548 649 805 724 tumpeneilisn-ve
817 649 957 705 secundas
1006 651 1012 665 '
1052 649 1108 704 ltu

169 726 207 781 Et
220 744 278 781 nux
291 726 407 781 ornabat
420 744 532 783 menses
546 745 612 783 oum
625 726 737 800 duplice
749 726 822 781 ficu:

169 802 236 858 Post
249 802 302 858 hoc
316 803 398 857 ludus
412 813 470 859 emt
484 804 575 876 cuppd
589 814 685 877 potare
698 803 847 875 mugiente

170 880 215 933 Ac
230 888 360 934 venerata
371 879 468 949 Ceres,
483 880 521 934 itu
534 880 627 937 culmo
640 880 845 963 eutgmettalto,
881 882 884 888 “

170 954 311 1027 Explicuit
325 955 390 1011 vino
403 967 555 1013 contractae
566 956 640 1013 seria
650 954 755 1011 frontis.
863 999 866 1004 .
887 959 889 964 ’

171 1032 273 1087 Serviat
287 1043 368 1104 atque
382 1051 468 1089 novos
482 1044 592 1089 movent
606 1032 733 1089 Fortuna
744 1033 889 1102 tumultus,
1050 1032 1107 1091 125

168 1106 317 1165 Quantum
330 1108 396 1163 hinc
407 1109 574 1165 imminuet?
594 1107 700 1181 quanto
710 1119 759 1165 eut
769 1126 824 1183 ego
833 1106 956 1183 percitis,
967 1122 1017 1167 tut
1027 1127 1085 1181 uos,

147 1190 150 1194 '
169 1185 197 1239 Ο
210 1186 298 1256 pueri,
313 1184 443 1253 nituistis‚
456 1196 487 1239 ut
500 1186 554 1239 huc
566 1204 656 1241 nouus
668 1184 763 1241 incola
775 1186 872 1243 venitl

169 1258 198 1313 N
201 1279 245 1315 nm
259 1260 376 1334 propriae
390 1260 496 1316 telluris
513 1262 611 1317 herum
622 1274 722 1318 natura
735 1280 827 1335 neque
841 1262 929 1335 illurn,
987 1299 990 1303 -

170 1334 234 1391 Nec
249 1356 303 1405 me,
318 1355 371 1391 nec
385 1355 542 1409 quenquam
555 1339 667 1393 statuit:
688 1358 741 1395 nou
751 1340 860 1413 expulit
873 1340 919 1396 ille
931 1361 938 1408 3

169 1413 253 1467 Illum
269 1426 316 1467 eut
330 1412 468 1485 nequities
481 1426 530 1469 aut
543 1415 611 1470 vafri
626 1416 738 1471 inscitia
748 1415 828 1489 juriS,

169 1486 313 1543 Postremo
328 1490 447 1561 expellet
458 1489 534 1545 certe
549 1492 670 1548 vivacior
683 1493 780 1547 haeres.

169 1565 256 1621 Nunc
270 1584 335 1639 eger
350 1566 485 1624 Umbreni
499 1568 551 1623 sub
565 1570 688 1640 nomine,
703 1588 791 1643 nuper
804 1568 890 1626 Ofelli

169 1642 279 1711 Dictue,
294 1643 346 1697 erit
360 1643 428 1698 nulli
441 1644 584 1717 proprius;
606 1647 656 1702 sed
669 1647 745 1703 cedit
758 1647 788 1703 in
801 1664 883 1702 nsum

169 1718 256 1773 Nunc
269 1716 442 1787 milii,‘nunc
456 1721 519 1777 ulii:
541 1724 674 1793 quocirca
687 1722 769 1778 vivite
783 1722 875 1793 furter,

170 1794 317 1868 Fortiaque
331 1797 453 1851 adversis
467 1798 599 1871 opponite
612 1810 727 1873 pectora
739 1800 849 1856 rebue.''

501 2141 656 2202 SATIRA
677 2142 733 2202 lll.

528 2287 701 2322 DAMASIPPUS.

167 2375 217 2430 Sic
232 2370 294 2430 ruri)
309 2373 416 2444 scribis,
429 2383 459 2430 ut
473 2385 529 2430 toto
543 2393 599 2431 non
610 2387 706 2449 quater
720 2396 795 2435 anno

168 2451 361 2506 Membrannm
376 2470 483 2524 poscae,
495 2451 659 2526 scriptorum
674 2472 789 2532 quaeque
803 2467 940 2528 retexens,

168 2527 259 2584 iratus
273 2529 324 2584 tibi
337 2527 412 2600 quod
427 2529 484 2584 vini
499 2530 644 2602 somnique
659 2531 797 2605 benignus

167 2603 215 2660 Nil
231 2605 347 2678 dignum
363 2623 491 2660 sermone
505 2623 597 2660 cunas.
632 2605 712 2665 Quid
727 2608 794 2664 fiet?
814 2611 850 2664 ab
864 2611 931 2682 ipsis
1077 2655 1081 2662 .

168 2682 364 2736 Saturnalibus
380 2683 435 2736 huc
449 2682 543 2754 fugisti
556 2703 562 2749 ;
585 2683 693 2738 sobrius
706 2702 773 2758 ergo
1085 2694 1107 2747 5

167 2757 221 2812 Dic
237 2758 340 2830 aliquid
354 2757 470 2831 dignum
485 2759 630 2830 promissisx
638 2779 644 2812 :
666 2759 767 2833 incipe.
801 2761 851 2817 Nil
865 2774 915 2818 est.

166 2835 321 2906 Culpantur
336 2833 438 2889 frustrat
452 2834 562 2903 columi,
579 2835 788 2910 immeritusque
803 2837 909 2896 laborat

167 2909 248 2966 Irutis
263 2922 345 2966 natus
359 2911 452 2983 paries
467 2910 511 2965 dis
525 2921 606 2983 atque
620 2913 719 2985 poetis.
796 2956 799 2962 .

167 2988 253 3061 Atqui
269 2987 359 3044 vultus
370 2999 430 3042 erut
441 2988 528 3042 multa
542 2999 570 3043 et
581 2989 715 3062 praeclara
725 2991 868 3064 minantis,

167 3064 197 3119 Si
213 3083 331 3120 vacuum
346 3065 438 3138 tepido
453 3065 572 3138 cepisset
586 3066 680 3121 villula
694 3077 775 3124 tecto.

165 3143 309 3200 Quorsum
325 3141 458 3214 pertinuit
472 3143 573 3214 stipare
589 3141 706 3198 Platona.
720 3142 878 3205 Menandro
886 3169 893 3215 3

166 3218 296 3290 Eupolin‚
312 3217 526 3288 Archilochum,
541 3218 658 3274 comites
671 3221 792 3277 educere
806 3225 917 3307 tantini

67 3283 76 3300 ⁸
104 3353 108 3361 x
166 3292 304 3348 Invidiam
319 3295 428 3368 placore
443 3291 522 3369 pura's
534 3297 633 3350 virtute
648 3297 765 3353 relicti?

166 3371 356 3425 Contemnere
370 3370 470 3428 miser:
492 3373 604 3427 vitanda
618 3385 661 3429 est
674 3375 800 3448 improba
814 3375 894 3432 Siren

166 3446 296 3512 Desidia3
319 3459 375 3516 aut,
391 3449 525 3521 quidquid
540 3449 593 3504 vitri
610 3451 723 3506 meliore
733 3453 847 3525 parieti,

166 3523 330 3578 Ponendum
346 3543 425 3598 equo
439 3527 539 3581 animo.

542 3651 683 3684 trultt'rws.

590 3734 628 3789 Dl
639 3747 676 3805 te,
691 3736 871 3814 Damasippe,
886 3744 1010 3819 deeque,
