2550 4225
472 314 619 363 cARnnN
637 314 836 364 SAECULARE.

322 453 446 511 Condito
458 454 534 511 mitis
546 454 731 528 placidusque
743 456 800 512 telo

322 530 470 605 Supplioes
484 531 550 587 audi
563 549 674 605 pueros,
689 532 808 606 Apollo:

322 607 453 664 Siderum
468 608 566 683 regina
579 607 712 677 binomis,
725 608 802 679 audi,

397 688 403 696 “
555 684 648 755 Luna,
662 684 776 758 puellas.

321 761 416 818 Roma
428 762 453 817 si
467 772 588 818 vestrum
602 773 646 818 est
658 779 739 835 opus,
752 760 867 835 Iliaeque

320 838 412 894 Littus
426 836 577 895 Etruscum
591 836 709 894 tenuere
721 848 831 909 turmis,

320 914 405 971 Jussa
417 934 482 989 pars
495 924 603 991 mutare
617 914 705 971 Lares
718 925 747 991 et
759 916 858 971 urbem

555 992 667 1065 Sospite
679 1008 789 1061 eursu,
817 1038 819 1041 .

320 1068 376 1124 Cui
388 1086 438 1141 per
452 1069 599 1124 ardentem
613 1068 675 1123 sine
689 1068 787 1123 fraude
800 1066 917 1141 'frojam

319 1144 422 1200 Castus
436 1144 553 1213 AEnees,
568 1144 666 1217 patria
678 1154 828 1217 superstes,

319 1219 453 1275 Liberum
466 1220 585 1276 munivit
599 1220 661 1289 iter,
675 1220 791 1276 daturus

510 1304 517 1309 '
552 1296 637 1353 Plura
650 1295 772 1352 relictis:

318 1371 367 1442 Di,
381 1373 482 1447 probos
495 1392 587 1429 mores
600 1373 685 1429 docili
696 1373 829 1448 juvente,
883 1396 886 1400 ’

319 1447 369 1519 Di,
387 1450 526 1507 senectuti
539 1450 658 1524 placidae
670 1450 804 1526 quietem,

319 1525 451 1583 Romulae
465 1528 543 1603 genti
558 1528 622 1585 date
636 1546 751 1602 remque
764 1528 926 1603 prolemque

390 1616 394 1625 “
553 1605 591 1661 Et
603 1606 692 1661 decus
704 1623 797 1661 omne.

241 1749 243 1753 s
316 1679 448 1756 Quisque
460 1701 508 1738 vos
522 1682 611 1738 bobus
624 1693 771 1738 veneratur
785 1681 856 1737 albis
906 1723 911 1734 r

317 1755 418 1813 Clarus
432 1758 568 1814 Anchisae
582 1758 758 1831 Venerisque
771 1757 896 1831 sanguis,

317 1832 461 1908 Impetret,
476 1833 597 1890 bellante
610 1834 695 1907 prior,
706 1835 849 1907 jacentem

551 1910 637 1965 Lenis
650 1911 681 1966 in
695 1912 812 1967 hostem.

316 1984 335 2041 J
337 2004 382 2041 arn
396 1987 466 2042 mari
479 1985 608 2059 terreque
622 2004 724 2042 manus
735 1998 864 2061 potentes

317 2058 420 2119 Medus
433 2063 615 2136 Albanasque
628 2064 709 2121 timet
722 2082 852 2122 secures:

316 2136 382 2194 Jam
396 2140 509 2213 Scythae
522 2158 657 2214 response
669 2153 778 2216 petunt,
792 2142 905 2217 superbi

548 2216 659 2292 Nuper,
669 2230 699 2276 et
711 2219 786 2276 Indi.

316 2291 381 2350 Jam
396 2294 491 2365 Fides,
505 2304 534 2350 et
547 2294 615 2366 Pax,
630 2309 659 2352 et
672 2296 783 2368 Honor,
796 2297 944 2371 Pudorque

320 2371 443 2444 PrisnuS,
457 2382 486 2428 et
499 2373 629 2448 neglecta
643 2374 735 2430 redire
748 2375 847 2431 Virtus

318 2450 430 2518 Audet;
452 2461 622 2524 apparetque
636 2452 718 2508 beata
731 2452 815 2526 pleno

553 2529 645 2603 Copia
658 2541 766 2586 cornus

317 2608 418 2680 Augur
432 2617 460 2661 et
475 2603 598 2680 fulgente
612 2607 733 2672 decorus
746 2625 814 2662 arcu

271 2746 274 2756 ,
317 2683 451 2752 Phoebus,
465 2693 653 2755 acceptusque
666 2701 767 2739 novem
781 2682 935 2752 Camoenis,

315 2758 378 2819 Qui
391 2758 505 2814 salutari
519 2759 594 2814 levat
608 2770 667 2815 arte
681 2758 768 2815 fessos

551 2835 684 2908 Corporis
697 2845 783 2908 artus,

316 2913 349 2967 Si
362 2910 504 2968 Palatinas
517 2911 592 2969 videt
606 2931 704 2990 aequus
716 2932 794 2983 aras3

317 2989 448 3064 Remque
462 2987 623 3045 Romanam
637 2990 805 3065 Latiumque
819 2991 885 3048 felix

228 3117 232 3126 .
318 3066 448 3122 Alterum
461 3065 491 3121 in
505 3065 623 3122 lustrum
638 3068 793 3141 meliusque
805 3085 916 3141 semper

551 3143 685 3217 Proroget
699 3163 797 3200 aevum.
995 3152 998 3158 '

315 3219 448 3293 Quaeque
463 3219 636 3276 Aventinum
651 3230 729 3276 tenet
742 3220 942 3294 Algidumque,

315 3296 491 3357 Quindecim
505 3297 598 3352 Diana
611 3315 710 3372 preses
723 3297 844 3352 virorum

317 3373 415 3443 Curet,
429 3381 458 3429 et
471 3375 542 3430 votis
555 3391 706 3447 puerorum
719 3373 826 3429 emicas

552 3450 686 3523 Applieet
699 3467 788 3506 eures.
819 3454 823 3466 ¹

319 3525 391 3582 Hae
404 3525 505 3583 lovem
517 3527 622 3582 sentire
636 3527 760 3600 deosque
774 3536 892 3584 cunctos

319 3604 404 3677 Spem
418 3605 521 3661 bonam
535 3615 695 3676 sertumque
709 3603 824 3660 domurn
837 3615 956 3681 reporto,

318 3679 427 3737 Dootus
440 3691 469 3736 et
481 3681 580 3737 Phoebi
595 3680 699 3736 ohorus
711 3690 741 3736 et
753 3680 854 3738 Dianoe

551 3755 656 3814 Dioere
670 3757 776 3815 laudes.
