2550 4225
125 290 196 349 ἰω
458 291 489 347 Q.
507 290 653 354 nostru
668 290 791 344 rancor
815 309 819 320 =

173 429 234 484 Aut
247 429 383 502 apotheca
396 430 489 502 precis
501 430 609 487 intecta
620 440 674 501 est,
687 442 736 489 aut
748 449 852 505 pecare:
872 434 948 506 etqui

173 504 211 560 Et
223 522 322 578 genus,
337 516 366 560 et
378 506 473 574 virtus,
488 506 542 563 nisi
556 524 621 563 cum
635 526 676 576 re,
690 508 768 565 vilior
781 508 906 582 nigricat.

554 672 682 705 TIRWAS.

169 748 297 807 Quando
309 747 480 821 pauperiem,
491 749 584 809 missis
594 750 768 825 ambegibus‚
782 752 888 823 horres,

171 823 280 899 Accipe
292 823 349 896 qut
362 824 468 880 ratione
481 840 567 898 queas
580 826 726 883 ditescere.
767 826 885 884 Turdus
1060 836 1112 889 10

170 898 237 955 Sive
251 900 328 955 eliud
341 900 450 973 privum
464 901 574 959 debitur
587 902 655 970 tibi;
676 904 786 961 devolet
799 904 866 961 illuc
1189 912 1193 919 '

170 976 232 1032 Res
245 976 293 1031 ubi
305 995 410 1051 magne
421 978 502 1048 nitet,
516 978 631 1037 domino
644 998 726 1049 sene;
747 982 844 1038 dulcia
854 1000 947 1056 perna,

170 1052 208 1109 Et
220 1070 399 1128 quoscunque
413 1054 482 1111 seret
495 1056 587 1111 cultus
600 1056 652 1113 tibi
666 1057 771 1114 drudus
783 1060 913 1130 honores,

169 1129 246 1185 Ante
260 1129 361 1185 Larem
374 1140 467 1205 gustet
481 1132 665 1189 venerabilior
678 1134 751 1190 Lare
764 1135 861 1191 dives:

167 1204 228 1265 Qui
241 1207 366 1279 quemvis
379 1207 506 1281 perjurus
518 1209 580 1281 erit,
595 1210 657 1266 rinc
669 1225 765 1284 gente,
778 1223 913 1269 cruentus
1069 1221 1109 1275 15

168 1282 313 1357 Sanguine
327 1282 457 1355 fraterno,
472 1285 622 1359 fugitivus;
644 1306 682 1343 ne
695 1299 791 1344 temen
805 1288 845 1344 illi

167 1356 215 1413 Tu
229 1361 468 1431 commentemur,
482 1362 505 1418 si
519 1364 649 1437 postulet,
663 1364 704 1420 ire
716 1382 838 1421 recuses

556 1528 671 1561 uersus.

165 1608 240 1665 Utne
254 1619 346 1683 tegam
360 1629 461 1684 spurco
474 1610 573 1669 Darne
587 1613 680 1670 lutosi
700 1615 774 1672 haud
789 1616 828 1672 ita
841 1614 935 1690 Trojae

165 1682 214 1741 Me
229 1686 313 1759 gessi,
327 1698 439 1743 certans
453 1708 562 1763 semper
575 1690 744 1749 mel‘mribus.

550 1834 680 1869 mamus.

788 1924 865 2002 Ergo

163 1990 272 2065 Pauper
284 1989 346 2048 eris.

551 2142 667 2177 cussa.

394 2222 507 2280 Fortem
521 2225 576 2282 hoc
590 2227 716 2287 animum
729 2231 848 2290 tolerare
859 2235 979 2309 jubebo:
1047 2188 1102 2294 rw

162 2294 200 2351 Et
212 2298 352 2368 quondam
366 2299 471 2375 mejora
483 2303 542 2359 tuli.
583 2303 632 2360 Tu
646 2317 790 2381 protenus,
803 2312 880 2368 unde

161 2370 281 2429 Divitias
296 2375 414 2449 erisque
427 2395 519 2449 ruem,
531 2380 587 2452 dic,
602 2401 701 2458 augur,
715 2403 837 2444 acervos.

547 2527 676 2560 rrunsus.

161 2601 226 2658 Dirii
240 2605 380 2676 equidem,
394 2617 423 2662 et
436 2607 507 2664 dico.
549 2610 655 2684 Captes
668 2624 776 2671 astutus
790 2617 893 2690 ubique

161 2677 346 2736 Testamenta
359 2700 457 2740 senum
470 2704 476 2739 :
498 2704 564 2755 neu,
578 2687 602 2742 si
616 2689 691 2744 vafer
701 2708 776 2746 unus
788 2702 817 2747 et
831 2693 900 2749 ulter

160 2754 355 2812 insidiatorem
369 2777 490 2832 praeroso
503 2760 612 2836 sugeret
625 2765 718 2837 hamo,
1056 2775 1099 2833 25

160 2833 219 2887 Aut
232 2851 308 2906 spem
323 2835 455 2907 deponas,
470 2848 518 2893 aut
531 2849 617 2895 artem
632 2840 730 2897 illusus
742 2859 862 2914 omittas.

160 2907 265 2984 Magne
279 2908 403 2967 minorve
414 2912 472 2970 foro
485 2914 509 2970 si
520 2933 565 2970 res
578 2919 730 2976 certabitur
742 2921 821 2994 olim,

158 2985 242 3042 Vivet
254 2998 315 3043 uter
327 2987 451 3062 locuples
465 2991 525 3048 sine
538 2995 640 3067 gnatis,
654 2996 796 3072 improbus
809 3001 881 3058 rdtrc

155 3063 217 3124 Qui
231 3064 374 3121 meliorem
388 3068 481 3123 audax
495 3080 575 3126 vocet
588 3072 617 3128 in
628 3073 675 3147 jut
683 3094 691 3142 3
712 3075 787 3132 illiue
799 3088 859 3135 esto

157 3139 309 3197 Defensor:
331 3143 404 3198 ferni
418 3145 508 3201 civem
526 3149 667 3222 cauerique
680 3152 801 3225 priorem
934 3209 938 3215 ,
1055 3162 1095 3217 30
1178 3148 1190 3169 ’

157 3217 274 3290 Sperne,
286 3220 361 3275 domi
375 3221 398 3274 si
411 3233 513 3295 gnatus
525 3225 578 3280 erit
591 3225 756 3285 foecundave
770 3233 880 3306 conjux.

156 3293 321 3370 f‘Quinte,”
336 3309 414 3370 puta,
426 3309 474 3354 aut
488 3303 506 3328 “
516 3298 626 3372 Publi‚”
644 3303 782 3378 (gaudent
794 3312 967 3381 prenomine
980 3313 1078 3369 molles

157 3369 324 3448 Auriculae,)
341 3379 358 3402 “
373 3374 423 3431 tibi
437 3393 483 3432 me
496 3376 583 3434 virtus
596 3389 646 3436 tua
659 3381 725 3438 fecit
738 3385 860 3440 amicum
873 3406 880 3440 :
1064 3404 1066 3407 ·

155 3444 208 3500 Jus
222 3465 325 3522 anceps
339 3451 413 3521 novi,
427 3469 527 3509 causas
540 3455 692 3515 defendere
704 3479 831 3534 possum:

52 3575 55 3582 ,
156 3521 264 3597 Eripiet
275 3525 365 3598 quiris
377 3529 472 3584 oculos
485 3529 569 3586 citiris
583 3533 662 3605 mihi,
676 3534 761 3609 quim
774 3549 803 3594 te
1051 3547 1090 3602 35

155 3598 353 3675 Contemptum
367 3605 447 3660 cassia
461 3624 535 3664 nuce
547 3622 695 3683 pauperet:
716 3615 778 3669 heo
791 3633 855 3672 mea
864 3636 932 3673 cure
944 3630 996 3689 est,

154 3673 202 3731 Ne
214 3677 281 3749 quid
293 3689 325 3733 tu
334 3680 444 3752 perdes,
459 3699 514 3738 neu
528 3685 567 3741 sis
577 3685 686 3759 jocus.’'
726 3688 773 3744 Ire
786 3692 901 3749 domum
914 3706 997 3768 atque

154 3750 318 3810 Pelliculenr
331 3771 430 3810 curere
440 3757 524 3828 jube:
545 3760 564 3816 fi
578 3763 705 3836 cognitor
717 3765 785 3838 ipse
