2550 4225
431 310 440 323 .
494 274 525 331 Q.
542 274 688 325 HORATH
704 274 828 325 nuncet
923 273 928 282 ¹

326 416 409 473 nava
421 415 575 473 decurrens
588 415 656 491 lupa
668 416 836 487 Inuuviuos

559 491 696 568 Foetaque
709 494 822 569 vulpes:

327 571 454 647 Rumpat
466 581 496 627 et
509 589 624 645 serpens
637 572 690 628 iter
703 571 872 642 institutum,

326 649 358 705 Si
370 668 421 723 per
434 648 579 723 obliquum
593 649 693 705 similis
705 650 812 723 sagittis

326 725 445 783 Terruit
457 737 585 785 mannes.
626 725 690 801 Ego
702 728 750 783 eui
759 726 874 796 timebo,

560 804 698 861 Providus
710 822 826 879 auspex,

327 882 488 957 Antequam
502 891 608 939 stantes
621 892 730 956 repetat
739 881 857 957 paludes
875 904 879 914 ·

325 959 462 1018 Imbrium
477 960 572 1017 divina
585 960 644 1015 avis
658 959 866 1029 imminentiam,

326 1037 463 1093 Oseinem
477 1056 590 1093 nervum
604 1055 689 1111 prece
703 1037 845 1093 suscitabo
875 1073 884 1085 x

559 1113 632 1169 Solis
646 1113 683 1168 ab
695 1124 767 1169 ortu.

326 1192 372 1247 Sis
385 1192 452 1248 lieet
466 1190 532 1245 felix
545 1190 707 1264 ubieunque
720 1191 819 1260 mavis,

325 1268 363 1325 Et
376 1285 482 1341 memor
496 1266 592 1338 nostri,
604 1267 732 1337 Galatea,
743 1268 835 1323 vivas:
909 1292 912 1297 ·

325 1345 426 1419 Teque
439 1364 494 1401 nen
507 1345 593 1401 iaevus
606 1355 681 1401 vetet
694 1346 734 1400 ire
747 1345 838 1422 piens,

558 1421 622 1479 Nee
635 1441 707 1497 vaga
719 1422 826 1480 cornia

326 1500 383 1557 Sed
397 1501 475 1557 vides
488 1510 593 1574 quanto
606 1500 727 1575 trepidet
739 1500 863 1559 tumultu
953 1528 959 1540 =

325 1578 435 1635 Pronus
448 1577 546 1635 Orion.
588 1578 651 1655 Ege
663 1579 731 1653 quid
745 1578 782 1635 sit
794 1589 854 1645 ater

326 1656 442 1713 Hadriae
456 1657 520 1713 novi
535 1657 613 1713 sinus
627 1667 656 1712 et
669 1657 736 1730 quid
746 1656 829 1712 albus

559 1733 664 1789 Peneet
677 1732 773 1808 Iapyx.

325 1812 459 1869 Hostium
472 1810 573 1867 uiores
585 1810 720 1884 puerique
734 1828 825 1867 cecos

326 1890 456 1947 Sentiant
469 1900 561 1945 motus
574 1888 690 1945 orientis
704 1888 812 1959 Austri,
826 1898 855 1944 et

326 1968 458 2041 AEquoris
472 1966 546 2041 nigri
560 1966 712 2036 fremitum,
726 1978 754 2022 et
767 1976 921 2024 trementes

430 2050 433 2053 '
558 2043 684 2100 Verbere
697 2044 787 2118 ripas!

326 2124 375 2179 Sie
389 2132 419 2179 et
431 2122 544 2197 Europe
558 2122 673 2179 niveum
686 2122 783 2178 doloso

324 2200 454 2257 Credidit
467 2210 548 2256 tauro
561 2199 644 2271 latus,
658 2211 687 2257 et
700 2210 856 2256 scatentem

324 2277 432 2334 Belluis
444 2289 562 2352 pontum
575 2279 739 2352 mediasque
753 2278 866 2334 fraudes

560 2355 665 2424 Palluit
677 2357 778 2413 audax.

326 2433 424 2508 Nuper
439 2434 468 2491 in
482 2434 569 2508 pratis
582 2436 710 2492 studiosa
722 2433 833 2504 florum,
847 2445 876 2492 et

325 2511 435 2569 Debitae
450 2511 591 2586 Nymphis
604 2513 698 2587 opifex
708 2531 829 2581 coronae,

325 2585 419 2648 Noete
434 2590 566 2646 sublustri
582 2591 652 2646 nihil
667 2599 741 2644 astra
753 2600 855 2662 praeter

555 2665 640 2722 -vidit
654 2677 683 2720 et
696 2666 795 2720 undas.

322 2743 399 2804 Quae
412 2743 494 2798 simul
510 2751 625 2797 eentum
639 2741 732 2814 tetigit
743 2751 886 2815 potentem

324 2819 444 2894 Oppidis
457 2818 573 2887 Creten,
588 2817 707 2888 “Pater,
720 2837 738 2874 ο
751 2818 881 2876 relietum
939 2859 943 2862 -

324 2897 404 2954 Filiae
419 2914 534 2967 nomen,
547 2896 719 2970 pietasque,’'
735 2897 816 2968 dixit,

479 3011 481 3016 ·
559 2977 576 3040 ‘j
585 2975 672 3031 Victa
685 2975 795 3032 furore!

324 3051 427 3110 Undat
447 3048 504 3125 qud
519 3052 603 3108 'venii
623 3051 708 3108 Levis
721 3072 779 3109 una
793 3072 868 3110 murs
879 3065 924 3111 est

324 3130 475 3204 Virginum
489 3129 586 3203 eulpae.
628 3130 794 3204 vigilansne
807 3133 887 3206 ploro

324 3207 423 3282 Turpe
437 3207 638 3264 summissum?
659 3225 696 3261 au
710 3207 784 3263 vitiis
798 3218 942 3264 carentem

558 3283 646 3340 Ludit
663 3284 757 3359 image

324 3363 416 3434 Vana,
431 3381 493 3436 quae
507 3361 587 3436 porti
601 3361 713 3436 fugiens
726 3362 834 3418 eburnia

325 3441 473 3498 Somnium
487 3439 583 3496 dueitf
624 3436 767 3496 Meliusue
781 3439 885 3497 fluetus

325 3517 371 3574 Ire
384 3537 434 3594 per
448 3519 545 3592 longos
560 3517 620 3587 fuit,
636 3536 673 3573 an
686 3527 815 3574 recentes

558 3595 682 3668 Carpere
695 3594 797 3651 flores?

326 3673 358 3728 si
371 3674 433 3744 quis
447 3671 580 3729 infamem
593 3673 664 3729 mihi
677 3690 755 3728 nune
766 3673 920 3747 juvencum
954 3701 958 3707 ·

325 3749 419 3806 Dedat
432 3750 525 3805 iratae!
546 3749 671 3806 lacerare
685 3750 767 3822 ferro,
780 3762 810 3808 et
