2550 4225
395 316 640 366 EPISTOLARUM
657 320 722 368 uu.
739 322 760 368 l.
779 322 816 368 18.
833 326 871 369 1⁴.

471 532 672 591 nmsrom
700 514 785 603 mir

464 666 503 703 An
517 666 626 707 vntum
639 669 784 707 Assumit.

176 762 223 821 Ur
236 763 461 837 prolioisoentem
475 766 559 820 docui
573 776 600 821 te
614 763 690 840 sepe
704 767 817 839 diuque,

177 841 310 914 Augusto
322 841 423 896 reddes
437 840 546 914 signata
560 843 711 913 volumina,
725 843 804 914 Vini,

177 918 209 973 Si
224 917 342 987 validus,
353 916 378 971 si
391 917 472 973 letus
485 919 547 989 erit,
561 918 585 973 si
599 920 722 992 denique
735 932 851 993 poscet3

87 1020 92 1027 ·
176 992 224 1049 Ne
238 994 331 1050 studio
344 994 432 1049 nostri
445 1013 557 1067 peoees,
570 996 723 1068 odiumque
736 997 837 1053 libellis

177 1070 300 1127 Sedulus
310 1071 442 1144 importes
452 1072 538 1145 opera
548 1072 715 1128 vehemente
728 1074 863 1130 minister.

177 1147 209 1204 Si
222 1158 251 1203 te
264 1146 335 1203 sorte
349 1166 420 1203 mee
433 1148 526 1222 gravis
538 1158 601 1205 uret
612 1149 723 1204 sarcina
736 1151 850 1221 ohartae,

177 1223 303 1298 Abjioito
315 1223 417 1299 potius,
430 1222 515 1297 quam
528 1224 585 1298 quo
595 1226 718 1299 perferre
726 1225 833 1298 juberis

176 1300 304 1357 Clitellas
318 1301 393 1357 serus
406 1301 555 1376 impingas,
572 1303 724 1375 Asinaeque
736 1314 884 1375 paternum

176 1378 343 1454 cognomen
358 1388 448 1435 vertas
461 1379 490 1435 in
504 1379 601 1450 risum,
615 1390 645 1435 et
658 1379 752 1434 fabula
764 1379 823 1435 fias.

176 1456 293 1512 Viribus
305 1456 392 1512 uteris
405 1474 454 1528 per
468 1456 564 1525 olivoS,
578 1454 705 1524 flumina,
719 1454 814 1512 lamas.
927 1456 933 1463 '

175 1533 274 1589 Victor
287 1532 421 1607 propositi
434 1532 517 1588 simul
532 1551 566 1588 ao
578 1531 739 1606 perveneris
753 1532 830 1603 illue,

176 1610 226 1667 sio
237 1610 359 1684 positum
371 1610 494 1665 servabis
506 1626 588 1678 onus,
602 1626 640 1663 ne
655 1604 724 1664 stine
738 1609 791 1662 sub
804 1609 849 1663 ali

176 1685 356 1743 Fasciculum
370 1696 464 1758 portes
476 1684 620 1754 librorum,
634 1693 666 1738 ut
675 1684 797 1739 rusticus
809 1703 914 1759 agnum

174 1761 214 1819 Ut
223 1762 320 1819 vinosa
332 1761 440 1835 glomos
454 1760 562 1816 furtiva
572 1759 691 1833 Pyrrhia
703 1760 785 1831 lente,

174 1838 214 1896 Ut
223 1857 290 1895 oum
322 1838 405 1895 ileolo
418 1837 508 1893 soleas
521 1838 640 1892 eonviva
653 1836 769 1892 tribulis.

175 1916 221 1973 Ne
234 1856 321 1990 vulgi
334 1932 431 1971 narres
444 1924 472 1969 te
486 1913 629 1969 sudavisse
644 1913 761 1969 ferendo

175 1993 310 2050 Carmina
322 2009 384 2065 que
398 1991 505 2066 possint
517 1989 615 2047 oeulos
628 2008 764 2063 auresque
777 1991 879 2048 morari

174 2070 310 2128 Casinis:
324 2078 419 2126 oratus
431 2067 519 2124 multi
532 2085 626 2142 prese,
640 2068 729 2124 nitere
743 2065 834 2142 porro.
889 2090 892 2094 ²

174 2148 266 2220 Vade,
280 2147 356 2216 rale;
378 2165 446 2204 eave
459 2163 496 2201 ne
509 2145 622 2216 titubes,
636 2146 824 2218 mandataque
836 2145 956 2223 frangas.

404 2485 406 2490 ·
453 2454 670 2511 ‘EPISTOLA
696 2451 781 2509 XIV.

477 2589 516 2627 AD
530 2590 672 2629 risulcum
685 2591 773 2629 SUUM.

175 2690 300 2746 Vinnicn
314 2687 445 2744 silvarum
459 2699 487 2743 et
500 2688 569 2744 mihi
584 2708 629 2744 me
644 2690 788 2745 reddentis
802 2687 895 2762 agelli,

174 2765 272 2825 Quem
286 2775 317 2821 tu
331 2764 447 2834 fastidis,
462 2764 616 2821 habitatum
629 2767 752 2839 quinque
766 2765 844 2836 loeis,
859 2773 888 2821 et

174 2842 311 2914 Quinque
325 2842 412 2897 bonos
426 2842 538 2896 solitum
552 2843 667 2898 Variam
681 2842 821 2899 dimittere
835 2852 945 2915 patres;

110 2951 113 2963 .
173 2918 333 2988 Certemus,
348 2919 443 2990 spinas
456 2918 587 2986 animone
601 2937 654 2990 ego
668 2918 775 2989 fortius,
790 2937 826 2973 an
839 2930 870 2974 tu

174 2995 287 3052 Evellas
301 3013 383 3068 agr03
405 3003 433 3048 et
447 2991 544 3047 melior
558 2994 593 3048 sit
606 2991 750 3065 Horatius,
764 3015 801 3050 an
814 3013 868 3049 res.

214 3070 264 3126 Me
276 3071 403 3145 quamvis
417 3069 523 3124 Lamiae
537 3070 626 3142 pietas
639 3081 668 3124 et
681 3088 749 3125 curn
762 3081 895 3139 moratur,

174 3147 303 3204 Fratrem
316 3146 470 3217 moerentis,
485 3155 564 3219 rapto
577 3147 612 3201 de
627 3146 710 3201 fratre
724 3146 845 3202 dolentis

174 3224 379 3290 Insolabiliter;
400 3234 494 3279 tamen
509 3223 601 3278 isthuc
616 3243 697 3300 mens
711 3224 875 3295 animusque

174 3301 252 3371 Fert,
266 3311 294 3356 et
307 3313 383 3356 amat
396 3300 491 3374 spatiis
504 3301 643 3356 obstantia
657 3319 787 3374 rumpere
800 3298 929 3354 claustra.

174 3377 255 3434 Rure
269 3395 323 3451 ego
336 3378 485 3447 viventem,
500 3386 531 3431 tu
544 3377 616 3432 dieis
629 3377 659 3432 in
673 3378 752 3443 urbe,
766 3377 895 3432 beatum:

173 3455 229 3511 Cui
243 3456 337 3530 placet
350 3454 473 3524 alteriue,
488 3472 538 3508 sua
552 3455 685 3509 nimirum
698 3466 741 3509 est
753 3454 817 3508 odio
831 3471 898 3508 sors.

174 3533 284 3588 Stultus
297 3540 414 3604 uterque
427 3531 519 3586 looum
535 3528 704 3586 immeritum
719 3540 850 3585 causatur
864 3527 959 3602 inique
970 3549 976 3596 ;

174 3609 210 3666 In
225 3609 310 3682 oulpfi
323 3617 366 3663 est
380 3609 499 3680 animus,
514 3608 561 3681 qui
575 3627 604 3662 se
619 3625 675 3662 non
689 3607 787 3679 effugit
800 3624 933 3678 unquam.

173 3686 223 3742 Tu
238 3683 423 3741 mediastinus
436 3685 522 3740 taoitri
536 3703 619 3758 prece
634 3702 698 3738 rura
710 3683 834 3755 petebas,

174 3763 265 3820 Nuno'
276 3762 375 3818 urbem
390 3773 418 3818 et
431 3763 511 3818 ludos
524 3772 552 3818 et
567 3761 666 3817 balnea
681 3760 789 3816 villicus
802 3771 881 3834 optas
891 3765 908 3815 :'
