<?xml version="1.0" encoding="UTF-8"?>
<!DOCTYPE html PUBLIC "-//W3C//DTD XHTML 1.0 Transitional//EN"
    "http://www.w3.org/TR/xhtml1/DTD/xhtml1-transitional.dtd">
<html xmlns="http://www.w3.org/1999/xhtml" xml:lang="en" lang="en">
 <head>
  <title>
</title>
<meta http-equiv="Content-Type" content="text/html;charset=utf-8" />
  <meta name='ocr-system' content='tesseract 3.04.00' />
  <meta name='ocr-capabilities' content='ocr_page ocr_carea ocr_par ocr_line ocrx_word'/>
</head>
<body>
  <div class='ocr_page' id='page_1' title='image "./quintihoratiifl02goulgoog_0111.png"; bbox 0 0 2550 4225; ppageno 0'>
   <div class='ocr_carea' id='block_1_1' title="bbox 159 319 819 401">
    <p class='ocr_par' dir='ltr' id='par_1_1' title="bbox 159 319 819 401">
     <span class='ocr_line' id='line_1_1' title="bbox 159 319 819 401; baseline -0.002 -26"><span class='ocrx_word' id='word_1_1' title='bbox 159 320 219 401; x_wconf 63' lang='lat' dir='ltr'><strong>*lew</strong></span> <span class='ocrx_word' id='word_1_2' title='bbox 438 319 440 324; x_wconf 41' lang='lat'>¹</span> <span class='ocrx_word' id='word_1_3' title='bbox 483 322 515 377; x_wconf 78' lang='lat' dir='ltr'><strong>Q·</strong></span> <span class='ocrx_word' id='word_1_4' title='bbox 533 321 678 371; x_wconf 74' lang='lat' dir='ltr'><strong>Hounru</strong></span> <span class='ocrx_word' id='word_1_5' title='bbox 695 323 819 373; x_wconf 65' lang='lat' dir='ltr'><strong>Flacci</strong></span> 
     </span>
    </p>
   </div>
   <div class='ocr_carea' id='block_1_2' title="bbox 174 458 1161 3851">
    <p class='ocr_par' dir='ltr' id='par_1_2' title="bbox 196 458 1161 3225">
     <span class='ocr_line' id='line_1_2' title="bbox 201 458 985 538; baseline 0.011 -25"><span class='ocrx_word' id='word_1_6' title='bbox 201 458 266 515; x_wconf 88' lang='lat' dir='ltr'><strong>Hoc</strong></span> <span class='ocrx_word' id='word_1_7' title='bbox 278 458 364 532; x_wconf 86' lang='lat' dir='ltr'><strong>juvat,</strong></span> <span class='ocrx_word' id='word_1_8' title='bbox 379 460 454 515; x_wconf 84' lang='lat' dir='ltr'><strong>haud</strong></span> <span class='ocrx_word' id='word_1_9' title='bbox 468 461 537 517; x_wconf 90' lang='lat' dir='ltr'><strong>illud</strong></span> <span class='ocrx_word' id='word_1_10' title='bbox 551 474 718 536; x_wconf 74' lang='lat' dir='ltr'><strong>querentes,</strong></span> <span class='ocrx_word' id='word_1_11' title='bbox 732 467 800 522; x_wconf 87' lang='lat' dir='ltr'><strong>num</strong></span> <span class='ocrx_word' id='word_1_12' title='bbox 814 465 876 521; x_wconf 89' lang='lat' dir='ltr'><strong>siue</strong></span> <span class='ocrx_word' id='word_1_13' title='bbox 889 483 985 538; x_wconf 71' lang='lat' dir='ltr'><strong>serim,</strong></span> 
     </span>
     <span class='ocr_line' id='line_1_3' title="bbox 201 533 946 616; baseline 0.012 -26"><span class='ocrx_word' id='word_1_14' title='bbox 201 533 343 609; x_wconf 84' lang='lat' dir='ltr'>Tempore</span> <span class='ocrx_word' id='word_1_15' title='bbox 356 554 425 593; x_wconf 88' lang='lat' dir='ltr'><strong>num</strong></span> <span class='ocrx_word' id='word_1_16' title='bbox 439 533 544 594; x_wconf 87' lang='lat' dir='ltr'><strong>faciant</strong></span> <span class='ocrx_word' id='word_1_17' title='bbox 557 539 814 597; x_wconf 66' lang='lat' dir='ltr'><strong>alieno-Laidem</strong></span> <span class='ocrx_word' id='word_1_18' title='bbox 826 543 946 616; x_wconf 80' lang='lat' dir='ltr'><strong>gaudes,</strong></span> 
     </span>
     <span class='ocr_line' id='line_1_4' title="bbox 202 610 1003 694; baseline 0.011 -27"><span class='ocrx_word' id='word_1_19' title='bbox 202 610 300 686; x_wconf 90' lang='lat' dir='ltr'><strong>Inquis</strong></span> <span class='ocrx_word' id='word_1_20' title='bbox 314 633 319 668; x_wconf 93' lang='lat'>:</span> <span class='ocrx_word' id='word_1_21' title='bbox 341 625 369 669; x_wconf 89' lang='lat' dir='ltr'><strong>et</strong></span> <span class='ocrx_word' id='word_1_22' title='bbox 382 614 436 670; x_wconf 90' lang='lat' dir='ltr'><strong>boc</strong></span> <span class='ocrx_word' id='word_1_23' title='bbox 450 616 542 673; x_wconf 89' lang='lat' dir='ltr'><strong>studio</strong></span> <span class='ocrx_word' id='word_1_24' title='bbox 556 636 658 691; x_wconf 85' lang='lat' dir='ltr'><strong>pravus</strong></span> <span class='ocrx_word' id='word_1_25' title='bbox 671 618 871 675; x_wconf 85' lang='lat' dir='ltr'><strong>sacis-Unde</strong></span> <span class='ocrx_word' id='word_1_26' title='bbox 884 620 1003 694; x_wconf 88' lang='lat' dir='ltr'><strong>petitum</strong></span> 
     </span>
     <span class='ocr_line' id='line_1_5' title="bbox 202 688 970 769; baseline 0.01 -24"><span class='ocrx_word' id='word_1_27' title='bbox 202 688 267 745; x_wconf 90' lang='lat' dir='ltr'><strong>Hoc</strong></span> <span class='ocrx_word' id='word_1_28' title='bbox 282 690 310 745; x_wconf 92' lang='lat' dir='ltr'><strong>in</strong></span> <span class='ocrx_word' id='word_1_29' title='bbox 325 708 370 746; x_wconf 86' lang='lat' dir='ltr'><strong>rne</strong></span> <span class='ocrx_word' id='word_1_30' title='bbox 381 690 475 765; x_wconf 85' lang='lat' dir='ltr'><strong>jacisl</strong></span> <span class='ocrx_word' id='word_1_31' title='bbox 496 704 539 749; x_wconf 85' lang='lat' dir='ltr'><strong>est</strong></span> <span class='ocrx_word' id='word_1_32' title='bbox 549 704 647 751; x_wconf 77' lang='lat' dir='ltr'>auctor</span> <span class='ocrx_word' id='word_1_33' title='bbox 660 695 722 769; x_wconf 87' lang='lat' dir='ltr'><strong>quis</strong></span> <span class='ocrx_word' id='word_1_34' title='bbox 736 696 858 769; x_wconf 87' lang='lat' dir='ltr'><strong>denique</strong></span> <span class='ocrx_word' id='word_1_35' title='bbox 872 714 970 753; x_wconf 91' lang='lat' dir='ltr'><strong>eorum</strong></span> 
     </span>
     <span class='ocr_line' id='line_1_6' title="bbox 199 764 1140 845; baseline 0.012 -25"><span class='ocrx_word' id='word_1_36' title='bbox 199 764 266 821; x_wconf 83' lang='lat' dir='ltr'>Vixi</span> <span class='ocrx_word' id='word_1_37' title='bbox 281 786 346 823; x_wconf 93' lang='lat' dir='ltr'><strong>cum</strong></span> <span class='ocrx_word' id='word_1_38' title='bbox 359 767 479 842; x_wconf 83' lang='lat' dir='ltr'><strong>quibusl</strong></span> <span class='ocrx_word' id='word_1_39' title='bbox 516 770 671 827; x_wconf 84' lang='lat' dir='ltr'><strong>Absentem</strong></span> <span class='ocrx_word' id='word_1_40' title='bbox 683 772 731 845; x_wconf 90' lang='lat' dir='ltr'><strong>qui</strong></span> <span class='ocrx_word' id='word_1_41' title='bbox 745 772 819 828; x_wconf 87' lang='lat' dir='ltr'><strong>rodit</strong></span> <span class='ocrx_word' id='word_1_42' title='bbox 832 773 971 840; x_wconf 88' lang='lat' dir='ltr'><strong>amicum;</strong></span> <span class='ocrx_word' id='word_1_43' title='bbox 1100 774 1140 831; x_wconf 59' lang='lat' dir='ltr'><strong>&amp;l</strong></span> 
     </span>
     <span class='ocr_line' id='line_1_7' title="bbox 199 840 849 923; baseline 0.003 -21"><span class='ocrx_word' id='word_1_44' title='bbox 199 842 260 902; x_wconf 78' lang='lat' dir='ltr'><strong>Qui</strong></span> <span class='ocrx_word' id='word_1_45' title='bbox 275 863 331 902; x_wconf 90' lang='lat' dir='ltr'><strong>non</strong></span> <span class='ocrx_word' id='word_1_46' title='bbox 346 846 486 915; x_wconf 83' lang='lat' dir='ltr'><strong>defendit,</strong></span> <span class='ocrx_word' id='word_1_47' title='bbox 495 846 549 903; x_wconf 92' lang='lat' dir='ltr'><strong>alio</strong></span> <span class='ocrx_word' id='word_1_48' title='bbox 563 848 713 923; x_wconf 89' lang='lat' dir='ltr'><strong>culpante;</strong></span> <span class='ocrx_word' id='word_1_49' title='bbox 735 840 849 907; x_wconf 65' lang='lat' dir='ltr'><strong>solutosx</strong></span> 
     </span>
     <span class='ocr_line' id='line_1_8' title="bbox 199 919 935 1000; baseline 0.005 -21"><span class='ocrx_word' id='word_1_50' title='bbox 199 919 260 979; x_wconf 79' lang='lat' dir='ltr'><strong>Qui</strong></span> <span class='ocrx_word' id='word_1_51' title='bbox 275 932 368 995; x_wconf 89' lang='lat' dir='ltr'><strong>captat</strong></span> <span class='ocrx_word' id='word_1_52' title='bbox 382 922 454 979; x_wconf 91' lang='lat' dir='ltr'><strong>risus</strong></span> <span class='ocrx_word' id='word_1_53' title='bbox 468 924 625 994; x_wconf 88' lang='lat' dir='ltr'><strong>hominurn,</strong></span> <span class='ocrx_word' id='word_1_54' title='bbox 641 926 798 1000; x_wconf 84' lang='lat' dir='ltr'><strong>famamque</strong></span> <span class='ocrx_word' id='word_1_55' title='bbox 812 928 919 988; x_wconf 76' lang='lat' dir='ltr'>dicacis</span> <span class='ocrx_word' id='word_1_56' title='bbox 927 948 935 994; x_wconf 88' lang='lat'>;</span> 
     </span>
     <span class='ocr_line' id='line_1_9' title="bbox 200 996 930 1076; baseline 0.011 -23"><span class='ocrx_word' id='word_1_57' title='bbox 200 996 323 1073; x_wconf 84' lang='lat' dir='ltr'><strong>Fingere</strong></span> <span class='ocrx_word' id='word_1_58' title='bbox 337 1000 384 1073; x_wconf 91' lang='lat' dir='ltr'><strong>qui</strong></span> <span class='ocrx_word' id='word_1_59' title='bbox 400 1020 456 1056; x_wconf 91' lang='lat' dir='ltr'><strong>non</strong></span> <span class='ocrx_word' id='word_1_60' title='bbox 471 1001 529 1057; x_wconf 82' lang='lat' dir='ltr'><strong>risa</strong></span> <span class='ocrx_word' id='word_1_61' title='bbox 542 1014 651 1076; x_wconf 82' lang='lat' dir='ltr'><strong>potcst3</strong></span> <span class='ocrx_word' id='word_1_62' title='bbox 673 1004 824 1060; x_wconf 89' lang='lat' dir='ltr'><strong>commissa</strong></span> <span class='ocrx_word' id='word_1_63' title='bbox 836 1015 930 1061; x_wconf 90' lang='lat' dir='ltr'><strong>tacere</strong></span> 
     </span>
     <span class='ocr_line' id='line_1_10' title="bbox 199 1074 1046 1153; baseline 0.006 -19"><span class='ocrx_word' id='word_1_64' title='bbox 199 1074 260 1134; x_wconf 78' lang='lat' dir='ltr'><strong>Qui</strong></span> <span class='ocrx_word' id='word_1_65' title='bbox 274 1078 386 1151; x_wconf 90' lang='lat' dir='ltr'><strong>nequit:</strong></span> <span class='ocrx_word' id='word_1_66' title='bbox 408 1077 455 1133; x_wconf 92' lang='lat' dir='ltr'><strong>hic</strong></span> <span class='ocrx_word' id='word_1_67' title='bbox 466 1078 547 1153; x_wconf 86' lang='lat' dir='ltr'>niger</span> <span class='ocrx_word' id='word_1_68' title='bbox 561 1090 617 1146; x_wconf 87' lang='lat' dir='ltr'><strong>est;</strong></span> <span class='ocrx_word' id='word_1_69' title='bbox 640 1082 717 1136; x_wconf 92' lang='lat' dir='ltr'><strong>hunc</strong></span> <span class='ocrx_word' id='word_1_70' title='bbox 731 1091 771 1151; x_wconf 89' lang='lat' dir='ltr'><strong>tu,</strong></span> <span class='ocrx_word' id='word_1_71' title='bbox 786 1082 928 1153; x_wconf 83' lang='lat' dir='ltr'><strong>Romane,</strong></span> <span class='ocrx_word' id='word_1_72' title='bbox 941 1091 1046 1139; x_wconf 80' lang='lat' dir='ltr'><strong>caveto</strong></span> 
     </span>
     <span class='ocr_line' id='line_1_11' title="bbox 200 1151 1139 1230; baseline 0.011 -23"><span class='ocrx_word' id='word_1_73' title='bbox 200 1151 282 1226; x_wconf 75' lang='lat' dir='ltr'><strong>Saepa</strong></span> <span class='ocrx_word' id='word_1_74' title='bbox 297 1154 385 1209; x_wconf 88' lang='lat' dir='ltr'><strong>tribus</strong></span> <span class='ocrx_word' id='word_1_75' title='bbox 398 1153 478 1210; x_wconf 89' lang='lat' dir='ltr'><strong>lectis</strong></span> <span class='ocrx_word' id='word_1_76' title='bbox 492 1155 587 1211; x_wconf 89' lang='lat' dir='ltr'><strong>videas</strong></span> <span class='ocrx_word' id='word_1_77' title='bbox 601 1175 714 1213; x_wconf 88' lang='lat' dir='ltr'><strong>coenare</strong></span> <span class='ocrx_word' id='word_1_78' title='bbox 727 1170 894 1230; x_wconf 88' lang='lat' dir='ltr'><strong>quatern0s;</strong></span> <span class='ocrx_word' id='word_1_79' title='bbox 1054 1193 1063 1203; x_wconf 74' lang='lat'>=</span> <span class='ocrx_word' id='word_1_80' title='bbox 1099 1160 1139 1217; x_wconf 78' lang='lat'><strong>85</strong></span> 
     </span>
     <span class='ocr_line' id='line_1_12' title="bbox 199 1230 915 1309; baseline 0.011 -25"><span class='ocrx_word' id='word_1_81' title='bbox 199 1230 224 1284; x_wconf 89' lang='lat' dir='ltr'><strong>E</strong></span> <span class='ocrx_word' id='word_1_82' title='bbox 238 1230 339 1303; x_wconf 87' lang='lat' dir='ltr'><strong>quibus</strong></span> <span class='ocrx_word' id='word_1_83' title='bbox 354 1248 426 1285; x_wconf 88' lang='lat' dir='ltr'><strong>unus</strong></span> <span class='ocrx_word' id='word_1_84' title='bbox 440 1242 502 1287; x_wconf 83' lang='lat' dir='ltr'><strong>aret</strong></span> <span class='ocrx_word' id='word_1_85' title='bbox 512 1233 609 1305; x_wconf 72' lang='lat' dir='ltr'><strong>quivis</strong></span> <span class='ocrx_word' id='word_1_86' title='bbox 624 1252 772 1309; x_wconf 79' lang='lat' dir='ltr'><strong>aspergere</strong></span> <span class='ocrx_word' id='word_1_87' title='bbox 787 1246 915 1306; x_wconf 89' lang='lat' dir='ltr'><strong>cunctos,</strong></span> 
     </span>
     <span class='ocr_line' id='line_1_13' title="bbox 198 1306 1093 1389; baseline 0.011 -28"><span class='ocrx_word' id='word_1_88' title='bbox 198 1306 303 1363; x_wconf 85' lang='lat' dir='ltr'><strong>Praeter</strong></span> <span class='ocrx_word' id='word_1_89' title='bbox 316 1326 381 1363; x_wconf 91' lang='lat' dir='ltr'><strong>eum</strong></span> <span class='ocrx_word' id='word_1_90' title='bbox 395 1308 442 1382; x_wconf 91' lang='lat' dir='ltr'><strong>qui</strong></span> <span class='ocrx_word' id='word_1_91' title='bbox 455 1310 560 1382; x_wconf 77' lang='lat' dir='ltr'><strong>prebet</strong></span> <span class='ocrx_word' id='word_1_92' title='bbox 571 1328 688 1384; x_wconf 88' lang='lat' dir='ltr'><strong>aquam;</strong></span> <span class='ocrx_word' id='word_1_93' title='bbox 708 1307 781 1383; x_wconf 76' lang='lat' dir='ltr'><strong>prist,</strong></span> <span class='ocrx_word' id='word_1_94' title='bbox 792 1312 990 1387; x_wconf 85' lang='lat' dir='ltr'><strong>huncquoque</strong></span> <span class='ocrx_word' id='word_1_95' title='bbox 1000 1322 1093 1389; x_wconf 68' lang='lat' dir='ltr'><strong>potus,</strong></span> 
     </span>
     <span class='ocr_line' id='line_1_14' title="bbox 198 1382 1025 1461; baseline 0.008 -22"><span class='ocrx_word' id='word_1_96' title='bbox 198 1382 321 1440; x_wconf 87' lang='lat' dir='ltr'><strong>Condita</strong></span> <span class='ocrx_word' id='word_1_97' title='bbox 334 1403 418 1457; x_wconf 91' lang='lat' dir='ltr'><strong>quum</strong></span> <span class='ocrx_word' id='word_1_98' title='bbox 433 1404 516 1441; x_wconf 79' lang='lat' dir='ltr'><strong>verax</strong></span> <span class='ocrx_word' id='word_1_99' title='bbox 529 1388 617 1461; x_wconf 86' lang='lat' dir='ltr'><strong>aperit</strong></span> <span class='ocrx_word' id='word_1_100' title='bbox 630 1388 784 1461; x_wconf 84' lang='lat' dir='ltr'><strong>praecordia</strong></span> <span class='ocrx_word' id='word_1_101' title='bbox 797 1385 897 1445; x_wconf 88' lang='lat' dir='ltr'><strong>Liber:</strong></span> <span class='ocrx_word' id='word_1_102' title='bbox 1022 1426 1025 1429; x_wconf 67' lang='grc'><em>»</em></span> 
     </span>
     <span class='ocr_line' id='line_1_15' title="bbox 199 1459 1120 1537; baseline 0.014 -22"><span class='ocrx_word' id='word_1_103' title='bbox 199 1459 256 1515; x_wconf 92' lang='lat' dir='ltr'><strong>Hic</strong></span> <span class='ocrx_word' id='word_1_104' title='bbox 270 1461 320 1517; x_wconf 93' lang='lat' dir='ltr'><strong>tibi</strong></span> <span class='ocrx_word' id='word_1_105' title='bbox 335 1461 423 1517; x_wconf 89' lang='lat' dir='ltr'><strong>comis</strong></span> <span class='ocrx_word' id='word_1_106' title='bbox 436 1473 465 1519; x_wconf 92' lang='lat' dir='ltr'><strong>et</strong></span> <span class='ocrx_word' id='word_1_107' title='bbox 478 1464 603 1519; x_wconf 90' lang='lat' dir='ltr'><strong>urbanus</strong></span> <span class='ocrx_word' id='word_1_108' title='bbox 616 1464 741 1537; x_wconf 88' lang='lat' dir='ltr'><strong>liberque</strong></span> <span class='ocrx_word' id='word_1_109' title='bbox 755 1464 864 1521; x_wconf 85' lang='lat' dir='ltr'><strong>videtur</strong></span> <span class='ocrx_word' id='word_1_110' title='bbox 1110 1513 1120 1528; x_wconf 42' lang='lat' dir='ltr'><strong>s</strong></span> 
     </span>
     <span class='ocr_line' id='line_1_16' title="bbox 198 1536 1139 1616; baseline 0.01 -25"><span class='ocrx_word' id='word_1_111' title='bbox 198 1536 304 1594; x_wconf 82' lang='lat' dir='ltr'><strong>infesto</strong></span> <span class='ocrx_word' id='word_1_112' title='bbox 318 1538 414 1613; x_wconf 88' lang='lat' dir='ltr'><strong>nigris.</strong></span> <span class='ocrx_word' id='word_1_113' title='bbox 449 1539 522 1615; x_wconf 85' lang='lat' dir='ltr'><strong>Ego,</strong></span> <span class='ocrx_word' id='word_1_114' title='bbox 537 1541 561 1597; x_wconf 90' lang='lat' dir='ltr'><strong>si</strong></span> <span class='ocrx_word' id='word_1_115' title='bbox 575 1541 622 1597; x_wconf 88' lang='lat' dir='ltr'><strong>risi</strong></span> <span class='ocrx_word' id='word_1_116' title='bbox 636 1537 712 1614; x_wconf 85' lang='lat' dir='ltr'><strong>qudd</strong></span> <span class='ocrx_word' id='word_1_117' title='bbox 727 1542 838 1616; x_wconf 87' lang='lat' dir='ltr'><strong>ineptus</strong></span> <span class='ocrx_word' id='word_1_118' title='bbox 1099 1544 1139 1600; x_wconf 79' lang='grc'><strong>90</strong></span> 
     </span>
     <span class='ocr_line' id='line_1_17' title="bbox 198 1614 853 1692; baseline 0.011 -24"><span class='ocrx_word' id='word_1_119' title='bbox 198 1614 326 1672; x_wconf 83' lang='lat' dir='ltr'><strong>Pastillos</strong></span> <span class='ocrx_word' id='word_1_120' title='bbox 340 1616 464 1675; x_wconf 81' lang='lat' dir='ltr'><strong>Rufillus</strong></span> <span class='ocrx_word' id='word_1_121' title='bbox 477 1618 543 1687; x_wconf 91' lang='lat' dir='ltr'><strong>olet,</strong></span> <span class='ocrx_word' id='word_1_122' title='bbox 557 1618 719 1692; x_wconf 83' lang='lat' dir='ltr'><strong>Gorgonius</strong></span> <span class='ocrx_word' id='word_1_123' title='bbox 731 1618 853 1689; x_wconf 85' lang='lat' dir='ltr'><strong>hircum,</strong></span> 
     </span>
     <span class='ocr_line' id='line_1_18' title="bbox 198 1690 913 1770; baseline 0.004 -23"><span class='ocrx_word' id='word_1_124' title='bbox 198 1690 315 1748; x_wconf 87' lang='lat' dir='ltr'><strong>Liridus</strong></span> <span class='ocrx_word' id='word_1_125' title='bbox 324 1704 353 1748; x_wconf 90' lang='lat' dir='ltr'><strong>et</strong></span> <span class='ocrx_word' id='word_1_126' title='bbox 366 1695 482 1750; x_wconf 86' lang='lat' dir='ltr'><strong>mordax</strong></span> <span class='ocrx_word' id='word_1_127' title='bbox 495 1694 589 1752; x_wconf 90' lang='lat' dir='ltr'><strong>videor</strong></span> <span class='ocrx_word' id='word_1_128' title='bbox 604 1695 663 1751; x_wconf 89' lang='lat' dir='ltr'><strong>tibi.</strong></span> <span class='ocrx_word' id='word_1_129' title='bbox 697 1694 808 1752; x_wconf 89' lang='lat' dir='ltr'><strong>Mentio</strong></span> <span class='ocrx_word' id='word_1_130' title='bbox 819 1694 844 1752; x_wconf 90' lang='lat' dir='ltr'><strong>si</strong></span> <span class='ocrx_word' id='word_1_131' title='bbox 857 1714 913 1770; x_wconf 84' lang='lat' dir='ltr'><strong>qua</strong></span> 
     </span>
     <span class='ocr_line' id='line_1_19' title="bbox 197 1767 728 1845; baseline 0.008 -22"><span class='ocrx_word' id='word_1_132' title='bbox 197 1767 243 1823; x_wconf 89' lang='lat' dir='ltr'><strong>De</strong></span> <span class='ocrx_word' id='word_1_133' title='bbox 257 1768 408 1843; x_wconf 87' lang='lat' dir='ltr'><strong>Capitolini</strong></span> <span class='ocrx_word' id='word_1_134' title='bbox 423 1770 502 1826; x_wconf 90' lang='lat' dir='ltr'><strong>furtis</strong></span> <span class='ocrx_word' id='word_1_135' title='bbox 516 1771 620 1845; x_wconf 85' lang='lat' dir='ltr'><strong>injecta</strong></span> <span class='ocrx_word' id='word_1_136' title='bbox 633 1770 728 1827; x_wconf 83' lang='lat' dir='ltr'><strong>Petilli</strong></span> 
     </span>
     <span class='ocr_line' id='line_1_20' title="bbox 198 1844 913 1917; baseline 0.006 -17"><span class='ocrx_word' id='word_1_137' title='bbox 198 1844 244 1900; x_wconf 82' lang='lat' dir='ltr'><strong>Te</strong></span> <span class='ocrx_word' id='word_1_138' title='bbox 258 1863 353 1901; x_wconf 88' lang='lat' dir='ltr'><strong>coram</strong></span> <span class='ocrx_word' id='word_1_139' title='bbox 367 1846 459 1916; x_wconf 84' lang='lat' dir='ltr'><strong>fuerit,</strong></span> <span class='ocrx_word' id='word_1_140' title='bbox 476 1847 622 1917; x_wconf 74' lang='lat' dir='ltr'><strong>delendae,</strong></span> <span class='ocrx_word' id='word_1_141' title='bbox 634 1859 665 1904; x_wconf 89' lang='lat' dir='ltr'><strong>ut</strong></span> <span class='ocrx_word' id='word_1_142' title='bbox 678 1858 743 1903; x_wconf 88' lang='lat' dir='ltr'><strong>tuus</strong></span> <span class='ocrx_word' id='word_1_143' title='bbox 756 1860 800 1906; x_wconf 87' lang='lat' dir='ltr'><strong>est</strong></span> <span class='ocrx_word' id='word_1_144' title='bbox 811 1867 873 1906; x_wconf 90' lang='lat' dir='ltr'><strong>mos</strong></span> <span class='ocrx_word' id='word_1_145' title='bbox 883 1869 913 1904; x_wconf 94' lang='lat'><strong>:-</strong></span> 
     </span>
     <span class='ocr_line' id='line_1_21' title="bbox 197 1920 1140 1998; baseline 0.007 -21"><span class='ocrx_word' id='word_1_146' title='bbox 197 1920 247 1977; x_wconf 91' lang='lat' dir='ltr'><strong>Me</strong></span> <span class='ocrx_word' id='word_1_147' title='bbox 262 1920 439 1995; x_wconf 88' lang='lat' dir='ltr'><strong>Capitolinus</strong></span> <span class='ocrx_word' id='word_1_148' title='bbox 452 1924 612 1980; x_wconf 87' lang='lat' dir='ltr'><strong>convictore</strong></span> <span class='ocrx_word' id='word_1_149' title='bbox 626 1942 694 1979; x_wconf 88' lang='lat' dir='ltr'><strong>usus</strong></span> <span class='ocrx_word' id='word_1_150' title='bbox 707 1925 855 1998; x_wconf 87' lang='lat' dir='ltr'><strong>amicoque</strong></span> <span class='ocrx_word' id='word_1_151' title='bbox 1099 1925 1140 1989; x_wconf 71' lang='grc'><strong>05</strong></span> 
     </span>
     <span class='ocr_line' id='line_1_22' title="bbox 198 1998 903 2076; baseline 0.004 -22"><span class='ocrx_word' id='word_1_152' title='bbox 198 2000 226 2054; x_wconf 89' lang='grc' dir='ltr'><strong>Α</strong></span> <span class='ocrx_word' id='word_1_153' title='bbox 239 2016 326 2071; x_wconf 87' lang='lat' dir='ltr'><strong>puero</strong></span> <span class='ocrx_word' id='word_1_154' title='bbox 339 2009 391 2068; x_wconf 88' lang='lat' dir='ltr'><strong>est,</strong></span> <span class='ocrx_word' id='word_1_155' title='bbox 406 2000 547 2073; x_wconf 67' lang='lat' dir='ltr'><strong>causisque</strong></span> <span class='ocrx_word' id='word_1_156' title='bbox 562 1998 777 2076; x_wconf 77' lang='lat' dir='ltr'><strong>meripermulta</strong></span> <span class='ocrx_word' id='word_1_157' title='bbox 789 2013 903 2075; x_wconf 76' lang='lat' dir='ltr'><strong>rogatus</strong></span> 
     </span>
     <span class='ocr_line' id='line_1_23' title="bbox 198 2074 911 2150; baseline 0.006 -20"><span class='ocrx_word' id='word_1_158' title='bbox 198 2074 296 2142; x_wconf 86' lang='lat' dir='ltr'><strong>Fecit;</strong></span> <span class='ocrx_word' id='word_1_159' title='bbox 317 2085 346 2132; x_wconf 88' lang='lat' dir='ltr'><strong>et</strong></span> <span class='ocrx_word' id='word_1_160' title='bbox 359 2076 508 2132; x_wconf 89' lang='lat' dir='ltr'><strong>incolumis</strong></span> <span class='ocrx_word' id='word_1_161' title='bbox 521 2076 598 2134; x_wconf 82' lang='lat' dir='ltr'><strong>laetor</strong></span> <span class='ocrx_word' id='word_1_162' title='bbox 611 2075 688 2150; x_wconf 83' lang='lat' dir='ltr'><strong>qubd</strong></span> <span class='ocrx_word' id='word_1_163' title='bbox 701 2077 769 2133; x_wconf 86' lang='lat' dir='ltr'><strong>vivit</strong></span> <span class='ocrx_word' id='word_1_164' title='bbox 780 2075 810 2133; x_wconf 87' lang='lat' dir='ltr'><strong>in</strong></span> <span class='ocrx_word' id='word_1_165' title='bbox 823 2078 911 2134; x_wconf 92' lang='lat' dir='ltr'><strong>urbe:</strong></span> 
     </span>
     <span class='ocr_line' id='line_1_24' title="bbox 199 2153 900 2228; baseline 0.001 -20"><span class='ocrx_word' id='word_1_166' title='bbox 199 2153 256 2208; x_wconf 87' lang='lat' dir='ltr'><strong>Sed</strong></span> <span class='ocrx_word' id='word_1_167' title='bbox 270 2164 366 2208; x_wconf 85' lang='lat' dir='ltr'><strong>tamen</strong></span> <span class='ocrx_word' id='word_1_168' title='bbox 380 2153 500 2210; x_wconf 89' lang='lat' dir='ltr'><strong>admiror</strong></span> <span class='ocrx_word' id='word_1_169' title='bbox 514 2172 571 2228; x_wconf 90' lang='lat' dir='ltr'><strong>quo</strong></span> <span class='ocrx_word' id='word_1_170' title='bbox 582 2164 666 2228; x_wconf 89' lang='lat' dir='ltr'><strong>pacto</strong></span> <span class='ocrx_word' id='word_1_171' title='bbox 675 2154 815 2228; x_wconf 86' lang='lat' dir='ltr'><strong>judicium</strong></span> <span class='ocrx_word' id='word_1_172' title='bbox 829 2155 900 2210; x_wconf 90' lang='lat' dir='ltr'><strong>illud</strong></span> 
     </span>
     <span class='ocr_line' id='line_1_25' title="bbox 198 2227 935 2308; baseline 0.007 -25"><span class='ocrx_word' id='word_1_173' title='bbox 198 2227 423 2303; x_wconf 75' lang='lat' dir='ltr'><strong>Fugerit-Hic</strong></span> <span class='ocrx_word' id='word_1_174' title='bbox 437 2230 525 2305; x_wconf 69' lang='lat' dir='ltr'><strong>nigrae</strong></span> <span class='ocrx_word' id='word_1_175' title='bbox 539 2248 642 2288; x_wconf 91' lang='lat' dir='ltr'><strong>succus</strong></span> <span class='ocrx_word' id='word_1_176' title='bbox 655 2231 794 2306; x_wconf 81' lang='lat' dir='ltr'><strong>loliginis3</strong></span> <span class='ocrx_word' id='word_1_177' title='bbox 816 2232 878 2308; x_wconf 74' lang='lat' dir='ltr'><strong>lraec</strong></span> <span class='ocrx_word' id='word_1_178' title='bbox 891 2243 935 2288; x_wconf 88' lang='lat' dir='ltr'><strong>est</strong></span> 
     </span>
     <span class='ocr_line' id='line_1_26' title="bbox 199 2305 1140 2382; baseline 0.007 -21"><span class='ocrx_word' id='word_1_179' title='bbox 199 2305 309 2382; x_wconf 80' lang='lat' dir='ltr'><strong>AErugd</strong></span> <span class='ocrx_word' id='word_1_180' title='bbox 323 2327 416 2376; x_wconf 90' lang='lat' dir='ltr'><strong>mera;</strong></span> <span class='ocrx_word' id='word_1_181' title='bbox 438 2307 512 2380; x_wconf 90' lang='lat' dir='ltr'><strong>quod</strong></span> <span class='ocrx_word' id='word_1_182' title='bbox 527 2307 625 2363; x_wconf 86' lang='lat' dir='ltr'><strong>vitium</strong></span> <span class='ocrx_word' id='word_1_183' title='bbox 639 2309 736 2382; x_wconf 91' lang='lat' dir='ltr'><strong>procul</strong></span> <span class='ocrx_word' id='word_1_184' title='bbox 751 2307 846 2366; x_wconf 78' lang='lat' dir='ltr'><strong>abfore</strong></span> <span class='ocrx_word' id='word_1_185' title='bbox 860 2308 975 2378; x_wconf 85' lang='lat' dir='ltr'><strong>chartis,</strong></span> <span class='ocrx_word' id='word_1_186' title='bbox 1084 2310 1140 2368; x_wconf 78' lang='lat' dir='ltr'><strong>tou</strong></span> 
     </span>
     <span class='ocr_line' id='line_1_27' title="bbox 198 2382 961 2460; baseline 0.004 -21"><span class='ocrx_word' id='word_1_187' title='bbox 198 2384 292 2457; x_wconf 81' lang='lat' dir='ltr'><strong>Atque</strong></span> <span class='ocrx_word' id='word_1_188' title='bbox 308 2385 403 2441; x_wconf 87' lang='lat' dir='ltr'><strong>animo</strong></span> <span class='ocrx_word' id='word_1_189' title='bbox 415 2382 503 2458; x_wconf 64' lang='lat' dir='ltr'><strong>priris</strong></span> <span class='ocrx_word' id='word_1_190' title='bbox 518 2396 558 2456; x_wconf 91' lang='lat' dir='ltr'><strong>ut,</strong></span> <span class='ocrx_word' id='word_1_191' title='bbox 573 2385 596 2441; x_wconf 92' lang='lat' dir='ltr'><strong>si</strong></span> <span class='ocrx_word' id='word_1_192' title='bbox 610 2385 677 2458; x_wconf 92' lang='lat' dir='ltr'><strong>quid</strong></span> <span class='ocrx_word' id='word_1_193' title='bbox 691 2385 853 2460; x_wconf 85' lang='lat' dir='ltr'><strong>promittere</strong></span> <span class='ocrx_word' id='word_1_194' title='bbox 867 2387 902 2442; x_wconf 93' lang='lat' dir='ltr'><strong>de</strong></span> <span class='ocrx_word' id='word_1_195' title='bbox 916 2403 961 2442; x_wconf 88' lang='lat' dir='ltr'><strong>me</strong></span> 
     </span>
     <span class='ocr_line' id='line_1_28' title="bbox 198 2459 966 2541; baseline 0.003 -25"><span class='ocrx_word' id='word_1_196' title='bbox 198 2459 317 2518; x_wconf 86' lang='lat' dir='ltr'><strong>Possum</strong></span> <span class='ocrx_word' id='word_1_197' title='bbox 331 2461 417 2532; x_wconf 91' lang='lat' dir='ltr'><strong>aliud,</strong></span> <span class='ocrx_word' id='word_1_198' title='bbox 431 2459 497 2518; x_wconf 79' lang='lat' dir='ltr'><strong>rerd</strong></span> <span class='ocrx_word' id='word_1_199' title='bbox 511 2463 650 2536; x_wconf 89' lang='lat' dir='ltr'><strong>promitto.</strong></span> <span class='ocrx_word' id='word_1_200' title='bbox 684 2462 814 2519; x_wconf 79' lang='lat' dir='ltr'><strong>Liberius</strong></span> <span class='ocrx_word' id='word_1_201' title='bbox 828 2463 852 2518; x_wconf 86' lang='lat' dir='ltr'><strong>si</strong></span> <span class='ocrx_word' id='word_1_202' title='bbox 963 2536 966 2541; x_wconf 29' lang='lat'><strong>⁴</strong></span> 
     </span>
     <span class='ocr_line' id='line_1_29' title="bbox 198 2536 891 2614; baseline 0 -20"><span class='ocrx_word' id='word_1_203' title='bbox 198 2536 304 2596; x_wconf 86' lang='lat' dir='ltr'><strong>Dixero</strong></span> <span class='ocrx_word' id='word_1_204' title='bbox 316 2539 394 2612; x_wconf 85' lang='lat' dir='ltr'><strong>quid,</strong></span> <span class='ocrx_word' id='word_1_205' title='bbox 407 2539 431 2595; x_wconf 90' lang='lat' dir='ltr'><strong>si</strong></span> <span class='ocrx_word' id='word_1_206' title='bbox 445 2537 515 2596; x_wconf 75' lang='lat' dir='ltr'><strong>forte</strong></span> <span class='ocrx_word' id='word_1_207' title='bbox 526 2539 660 2614; x_wconf 88' lang='lat' dir='ltr'><strong>jocosius,</strong></span> <span class='ocrx_word' id='word_1_208' title='bbox 672 2540 727 2596; x_wconf 92' lang='lat' dir='ltr'><strong>boc</strong></span> <span class='ocrx_word' id='word_1_209' title='bbox 740 2539 810 2596; x_wconf 90' lang='lat' dir='ltr'><strong>mihi</strong></span> <span class='ocrx_word' id='word_1_210' title='bbox 820 2539 891 2614; x_wconf 85' lang='lat' dir='ltr'><strong>juris</strong></span> 
     </span>
     <span class='ocr_line' id='line_1_30' title="bbox 198 2613 980 2691; baseline 0.003 -21"><span class='ocrx_word' id='word_1_211' title='bbox 198 2613 272 2670; x_wconf 87' lang='lat' dir='ltr'><strong>Cum</strong></span> <span class='ocrx_word' id='word_1_212' title='bbox 286 2616 369 2672; x_wconf 74' lang='lat' dir='ltr'><strong>venii</strong></span> <span class='ocrx_word' id='word_1_213' title='bbox 384 2617 477 2672; x_wconf 86' lang='lat' dir='ltr'><strong>dabis:</strong></span> <span class='ocrx_word' id='word_1_214' title='bbox 499 2616 619 2672; x_wconf 87' lang='lat' dir='ltr'><strong>insuevit</strong></span> <span class='ocrx_word' id='word_1_215' title='bbox 631 2626 710 2691; x_wconf 88' lang='lat' dir='ltr'><strong>pater</strong></span> <span class='ocrx_word' id='word_1_216' title='bbox 723 2617 845 2690; x_wconf 88' lang='lat' dir='ltr'><strong>optimus</strong></span> <span class='ocrx_word' id='word_1_217' title='bbox 859 2616 914 2674; x_wconf 85' lang='lat' dir='ltr'><strong>hoc</strong></span> <span class='ocrx_word' id='word_1_218' title='bbox 924 2633 980 2686; x_wconf 94' lang='lat' dir='ltr'><strong>me,</strong></span> 
     </span>
     <span class='ocr_line' id='line_1_31' title="bbox 197 2691 1139 2767; baseline 0.003 -20"><span class='ocrx_word' id='word_1_219' title='bbox 197 2691 240 2748; x_wconf 83' lang='lat' dir='ltr'><strong>Ut</strong></span> <span class='ocrx_word' id='word_1_220' title='bbox 249 2693 386 2767; x_wconf 83' lang='lat' dir='ltr'><strong>fugerem,</strong></span> <span class='ocrx_word' id='word_1_221' title='bbox 399 2693 534 2766; x_wconf 88' lang='lat' dir='ltr'><strong>exemplis</strong></span> <span class='ocrx_word' id='word_1_222' title='bbox 547 2693 676 2749; x_wconf 90' lang='lat' dir='ltr'><strong>vitiorum</strong></span> <span class='ocrx_word' id='word_1_223' title='bbox 690 2710 806 2766; x_wconf 71' lang='lat' dir='ltr'><strong>quaeque</strong></span> <span class='ocrx_word' id='word_1_224' title='bbox 819 2693 951 2749; x_wconf 89' lang='lat' dir='ltr'><strong>notando.</strong></span> <span class='ocrx_word' id='word_1_225' title='bbox 1082 2694 1139 2750; x_wconf 80' lang='lat'><strong>105</strong></span> 
     </span>
     <span class='ocr_line' id='line_1_32' title="bbox 196 2767 913 2844; baseline -0.004 -16"><span class='ocrx_word' id='word_1_226' title='bbox 196 2767 297 2828; x_wconf 76' lang='lat' dir='ltr'><strong>Quum</strong></span> <span class='ocrx_word' id='word_1_227' title='bbox 312 2787 358 2826; x_wconf 90' lang='lat' dir='ltr'><strong>me</strong></span> <span class='ocrx_word' id='word_1_228' title='bbox 372 2770 537 2840; x_wconf 84' lang='lat' dir='ltr'><strong>hortaretur,</strong></span> <span class='ocrx_word' id='word_1_229' title='bbox 550 2767 648 2843; x_wconf 70' lang='lat' dir='ltr'><strong>parce,</strong></span> <span class='ocrx_word' id='word_1_230' title='bbox 663 2769 816 2844; x_wconf 84' lang='lat' dir='ltr'><strong>frugaliter,</strong></span> <span class='ocrx_word' id='word_1_231' title='bbox 829 2779 913 2842; x_wconf 86' lang='lat' dir='ltr'><strong>atque</strong></span> 
     </span>
     <span class='ocr_line' id='line_1_33' title="bbox 198 2843 1017 2921; baseline 0.004 -21"><span class='ocrx_word' id='word_1_232' title='bbox 198 2845 330 2902; x_wconf 85' lang='lat' dir='ltr'><strong>Viverem</strong></span> <span class='ocrx_word' id='word_1_233' title='bbox 345 2843 385 2901; x_wconf 87' lang='lat' dir='ltr'><strong>uti</strong></span> <span class='ocrx_word' id='word_1_234' title='bbox 400 2856 550 2902; x_wconf 87' lang='lat' dir='ltr'><strong>contentus</strong></span> <span class='ocrx_word' id='word_1_235' title='bbox 563 2864 598 2903; x_wconf 93' lang='lat' dir='ltr'><strong>eo</strong></span> <span class='ocrx_word' id='word_1_236' title='bbox 611 2845 684 2920; x_wconf 91' lang='lat' dir='ltr'><strong>quod</strong></span> <span class='ocrx_word' id='word_1_237' title='bbox 699 2845 738 2902; x_wconf 86' lang='lat' dir='ltr'><strong>mi</strong></span> <span class='ocrx_word' id='word_1_238' title='bbox 753 2847 812 2920; x_wconf 89' lang='lat' dir='ltr'><strong>ipse</strong></span> <span class='ocrx_word' id='word_1_239' title='bbox 825 2847 968 2921; x_wconf 77' lang='lat' dir='ltr'><strong>pariasset:</strong></span> <span class='ocrx_word' id='word_1_240' title='bbox 1012 2847 1017 2854; x_wconf 74' lang='grc'><strong>’</strong></span> 
     </span>
     <span class='ocr_line' id='line_1_34' title="bbox 197 2921 954 2998; baseline 0.004 -20"><span class='ocrx_word' id='word_1_241' title='bbox 197 2927 216 2952; x_wconf 85' lang='grc'>“</span> <span class='ocrx_word' id='word_1_242' title='bbox 232 2922 337 2980; x_wconf 90' lang='lat' dir='ltr'><strong>Nonne</strong></span> <span class='ocrx_word' id='word_1_243' title='bbox 351 2923 439 2994; x_wconf 89' lang='lat' dir='ltr'><strong>vides,</strong></span> <span class='ocrx_word' id='word_1_244' title='bbox 454 2921 522 2979; x_wconf 84' lang='lat' dir='ltr'><strong>Albi</strong></span> <span class='ocrx_word' id='word_1_245' title='bbox 536 2933 567 2979; x_wconf 90' lang='lat' dir='ltr'><strong>nt</strong></span> <span class='ocrx_word' id='word_1_246' title='bbox 581 2921 656 2980; x_wconf 79' lang='lat' dir='ltr'><strong>maid</strong></span> <span class='ocrx_word' id='word_1_247' title='bbox 668 2923 742 2980; x_wconf 89' lang='lat' dir='ltr'><strong>vivat</strong></span> <span class='ocrx_word' id='word_1_248' title='bbox 754 2924 848 2981; x_wconf 66' lang='lat' dir='ltr'><strong>filius?</strong></span> <span class='ocrx_word' id='word_1_249' title='bbox 869 2935 954 2998; x_wconf 87' lang='lat' dir='ltr'><strong>utque</strong></span> 
     </span>
     <span class='ocr_line' id='line_1_35' title="bbox 199 2999 1161 3077; baseline 0.002 -21"><span class='ocrx_word' id='word_1_250' title='bbox 199 2999 301 3072; x_wconf 86' lang='lat' dir='ltr'><strong>Barrus</strong></span> <span class='ocrx_word' id='word_1_251' title='bbox 315 2999 415 3076; x_wconf 86' lang='lat' dir='ltr'><strong>inopsl</strong></span> <span class='ocrx_word' id='word_1_252' title='bbox 435 3019 572 3074; x_wconf 85' lang='lat' dir='ltr'><strong>magnum</strong></span> <span class='ocrx_word' id='word_1_253' title='bbox 583 3001 795 3073; x_wconf 82' lang='lat' dir='ltr'><strong>documentum,</strong></span> <span class='ocrx_word' id='word_1_254' title='bbox 811 3021 847 3058; x_wconf 90' lang='lat' dir='ltr'><strong>ne</strong></span> <span class='ocrx_word' id='word_1_255' title='bbox 860 3002 978 3077; x_wconf 82' lang='lat' dir='ltr'><strong>patriam</strong></span> <span class='ocrx_word' id='word_1_256' title='bbox 991 3019 1050 3058; x_wconf 90' lang='lat' dir='ltr'><strong>rem</strong></span> <span class='ocrx_word' id='word_1_257' title='bbox 1136 3061 1142 3070; x_wconf 68' lang='grc'><em>,</em></span> <span class='ocrx_word' id='word_1_258' title='bbox 1158 3047 1161 3052; x_wconf 94' lang='grc'>.</span> 
     </span>
     <span class='ocr_line' id='line_1_36' title="bbox 198 3077 1139 3152; baseline -0.001 -17"><span class='ocrx_word' id='word_1_259' title='bbox 198 3077 319 3136; x_wconf 87' lang='lat' dir='ltr'><strong>Perdere</strong></span> <span class='ocrx_word' id='word_1_260' title='bbox 333 3079 396 3152; x_wconf 89' lang='lat' dir='ltr'><strong>quis</strong></span> <span class='ocrx_word' id='word_1_261' title='bbox 409 3079 501 3135; x_wconf 85' lang='lat' dir='ltr'><strong>velit.¹&#39;</strong></span> <span class='ocrx_word' id='word_1_262' title='bbox 545 3079 573 3134; x_wconf 92' lang='lat' dir='ltr'><strong>A</strong></span> <span class='ocrx_word' id='word_1_263' title='bbox 587 3080 661 3152; x_wconf 91' lang='lat' dir='ltr'><strong>turpi</strong></span> <span class='ocrx_word' id='word_1_264' title='bbox 675 3080 830 3136; x_wconf 83' lang='lat' dir='ltr'><strong>meretricis</strong></span> <span class='ocrx_word' id='word_1_265' title='bbox 844 3097 938 3136; x_wconf 85' lang='lat' dir='ltr'><strong>amore</strong></span> <span class='ocrx_word' id='word_1_266' title='bbox 1082 3081 1139 3135; x_wconf 80' lang='lat' dir='ltr'><strong>llll</strong></span> 
     </span>
     <span class='ocr_line' id='line_1_37' title="bbox 196 3153 866 3225; baseline -0.006 -11"><span class='ocrx_word' id='word_1_267' title='bbox 196 3153 297 3214; x_wconf 78' lang='lat' dir='ltr'><strong>Quum</strong></span> <span class='ocrx_word' id='word_1_268' title='bbox 311 3156 472 3225; x_wconf 89' lang='lat' dir='ltr'><strong>deterreret,</strong></span> <span class='ocrx_word' id='word_1_269' title='bbox 487 3160 504 3184; x_wconf 91' lang='lat'><strong>“</strong></span> <span class='ocrx_word' id='word_1_270' title='bbox 516 3155 631 3211; x_wconf 86' lang='lat' dir='ltr'><strong>Sectani</strong></span> <span class='ocrx_word' id='word_1_271' title='bbox 645 3156 788 3212; x_wconf 87' lang='lat' dir='ltr'><strong>dissimilis</strong></span> <span class='ocrx_word' id='word_1_272' title='bbox 801 3156 866 3210; x_wconf 87' lang='lat' dir='ltr'><strong>sis.&#39;’</strong></span> 
     </span>
    </p>

    <p class='ocr_par' dir='ltr' id='par_1_3' title="bbox 174 3229 1139 3851">
     <span class='ocr_line' id='line_1_38' title="bbox 174 3229 976 3308; baseline -0.004 -16"><span class='ocrx_word' id='word_1_273' title='bbox 174 3229 179 3244; x_wconf 75' lang='lat'><strong><em>¹</em></strong></span> <span class='ocrx_word' id='word_1_274' title='bbox 197 3231 244 3292; x_wconf 85' lang='lat' dir='ltr'><strong>Ne</strong></span> <span class='ocrx_word' id='word_1_275' title='bbox 258 3249 388 3308; x_wconf 86' lang='lat' dir='ltr'><strong>sequerer</strong></span> <span class='ocrx_word' id='word_1_276' title='bbox 402 3233 536 3302; x_wconf 87' lang='lat' dir='ltr'><strong>moechas,</strong></span> <span class='ocrx_word' id='word_1_277' title='bbox 550 3233 688 3288; x_wconf 73' lang='lat' dir='ltr'><strong>concessit</strong></span> <span class='ocrx_word' id='word_1_278' title='bbox 700 3251 787 3306; x_wconf 89' lang='lat' dir='ltr'><strong>quum</strong></span> <span class='ocrx_word' id='word_1_279' title='bbox 801 3233 914 3288; x_wconf 88' lang='lat' dir='ltr'><strong>Venere</strong></span> <span class='ocrx_word' id='word_1_280' title='bbox 928 3233 976 3298; x_wconf 78' lang='lat' dir='ltr'><strong>uti,</strong></span> 
     </span>
     <span class='ocr_line' id='line_1_39' title="bbox 197 3308 984 3386; baseline -0.001 -21"><span class='ocrx_word' id='word_1_281' title='bbox 197 3308 323 3379; x_wconf 84' lang='lat' dir='ltr'><strong>Possem,</strong></span> <span class='ocrx_word' id='word_1_282' title='bbox 345 3313 362 3340; x_wconf 87' lang='lat'><strong>“</strong></span> <span class='ocrx_word' id='word_1_283' title='bbox 372 3309 511 3386; x_wconf 88' lang='lat' dir='ltr'><strong>Deprensi</strong></span> <span class='ocrx_word' id='word_1_284' title='bbox 526 3328 583 3366; x_wconf 90' lang='lat' dir='ltr'><strong>non</strong></span> <span class='ocrx_word' id='word_1_285' title='bbox 597 3309 671 3365; x_wconf 90' lang='lat' dir='ltr'><strong>bella</strong></span> <span class='ocrx_word' id='word_1_286' title='bbox 684 3319 726 3365; x_wconf 88' lang='lat' dir='ltr'><strong>est</strong></span> <span class='ocrx_word' id='word_1_287' title='bbox 740 3310 813 3365; x_wconf 85' lang='lat' dir='ltr'><strong>sama</strong></span> <span class='ocrx_word' id='word_1_288' title='bbox 826 3308 984 3379; x_wconf 82' lang='lat' dir='ltr'><strong>Treboni,”</strong></span> 
     </span>
     <span class='ocr_line' id='line_1_40' title="bbox 198 3385 851 3464; baseline 0 -22"><span class='ocrx_word' id='word_1_289' title='bbox 198 3385 310 3444; x_wconf 83' lang='lat' dir='ltr'><strong>Aiebat.</strong></span> <span class='ocrx_word' id='word_1_290' title='bbox 352 3389 370 3419; x_wconf 85' lang='lat'><strong>“</strong></span> <span class='ocrx_word' id='word_1_291' title='bbox 383 3387 512 3464; x_wconf 83' lang='lat' dir='ltr'><strong>Sapiens,</strong></span> <span class='ocrx_word' id='word_1_292' title='bbox 526 3387 613 3446; x_wconf 80' lang='lat' dir='ltr'><strong>ritatu</strong></span> <span class='ocrx_word' id='word_1_293' title='bbox 626 3387 749 3460; x_wconf 91' lang='lat' dir='ltr'><strong>quidque</strong></span> <span class='ocrx_word' id='word_1_294' title='bbox 762 3386 851 3460; x_wconf 89' lang='lat' dir='ltr'><strong>petitu</strong></span> 
     </span>
     <span class='ocr_line' id='line_1_41' title="bbox 198 3461 1139 3546; baseline 0.003 -26"><span class='ocrx_word' id='word_1_295' title='bbox 198 3462 242 3520; x_wconf 89' lang='lat' dir='ltr'><strong>Sit</strong></span> <span class='ocrx_word' id='word_1_296' title='bbox 255 3463 365 3534; x_wconf 88' lang='lat' dir='ltr'><strong>melius,</strong></span> <span class='ocrx_word' id='word_1_297' title='bbox 379 3482 478 3521; x_wconf 83' lang='lat' dir='ltr'><strong>causas</strong></span> <span class='ocrx_word' id='word_1_298' title='bbox 492 3463 590 3522; x_wconf 89' lang='lat' dir='ltr'><strong>reddet</strong></span> <span class='ocrx_word' id='word_1_299' title='bbox 603 3463 670 3519; x_wconf 88' lang='lat' dir='ltr'><strong>tibi:</strong></span> <span class='ocrx_word' id='word_1_300' title='bbox 691 3461 730 3519; x_wconf 89' lang='lat' dir='ltr'><strong>rui</strong></span> <span class='ocrx_word' id='word_1_301' title='bbox 745 3461 813 3518; x_wconf 86' lang='lat' dir='ltr'><strong>satis</strong></span> <span class='ocrx_word' id='word_1_302' title='bbox 826 3474 879 3534; x_wconf 90' lang='lat' dir='ltr'><strong>est,</strong></span> <span class='ocrx_word' id='word_1_303' title='bbox 891 3464 916 3518; x_wconf 88' lang='lat' dir='ltr'><strong>si</strong></span> <span class='ocrx_word' id='word_1_304' title='bbox 1030 3533 1039 3546; x_wconf 34' lang='lat'><em>⁶</em></span> <span class='ocrx_word' id='word_1_305' title='bbox 1081 3466 1139 3524; x_wconf 79' lang='lat'><strong>115</strong></span> 
     </span>
     <span class='ocr_line' id='line_1_42' title="bbox 198 3539 948 3614; baseline 0 -18"><span class='ocrx_word' id='word_1_306' title='bbox 198 3539 352 3596; x_wconf 88' lang='lat' dir='ltr'><strong>Traditum</strong></span> <span class='ocrx_word' id='word_1_307' title='bbox 366 3541 402 3596; x_wconf 93' lang='lat' dir='ltr'><strong>ab</strong></span> <span class='ocrx_word' id='word_1_308' title='bbox 415 3541 536 3614; x_wconf 86' lang='lat' dir='ltr'><strong>antiquis</strong></span> <span class='ocrx_word' id='word_1_309' title='bbox 549 3560 658 3598; x_wconf 90' lang='lat' dir='ltr'><strong>morem</strong></span> <span class='ocrx_word' id='word_1_310' title='bbox 671 3558 791 3612; x_wconf 85' lang='lat' dir='ltr'><strong>servare,</strong></span> <span class='ocrx_word' id='word_1_311' title='bbox 804 3551 948 3613; x_wconf 88' lang='lat' dir='ltr'><strong>tuamque,</strong></span> 
     </span>
     <span class='ocr_line' id='line_1_43' title="bbox 200 3617 863 3692; baseline -0.003 -16"><span class='ocrx_word' id='word_1_312' title='bbox 200 3617 277 3676; x_wconf 87' lang='lat' dir='ltr'><strong>Dum</strong></span> <span class='ocrx_word' id='word_1_313' title='bbox 291 3617 416 3674; x_wconf 80' lang='lat' dir='ltr'><strong>custodis</strong></span> <span class='ocrx_word' id='word_1_314' title='bbox 429 3637 506 3692; x_wconf 75' lang='lat' dir='ltr'><strong>egee,</strong></span> <span class='ocrx_word' id='word_1_315' title='bbox 520 3619 606 3679; x_wconf 86' lang='lat' dir='ltr'><strong>vitam</strong></span> <span class='ocrx_word' id='word_1_316' title='bbox 620 3617 777 3692; x_wconf 83' lang='lat' dir='ltr'><strong>famamque</strong></span> <span class='ocrx_word' id='word_1_317' title='bbox 791 3619 863 3674; x_wconf 90' lang='lat' dir='ltr'><strong>tueri</strong></span> 
     </span>
     <span class='ocr_line' id='line_1_44' title="bbox 199 3693 905 3766; baseline 0 -14"><span class='ocrx_word' id='word_1_318' title='bbox 199 3693 376 3752; x_wconf 90' lang='lat' dir='ltr'><strong>Incolumem</strong></span> <span class='ocrx_word' id='word_1_319' title='bbox 390 3713 520 3766; x_wconf 89' lang='lat' dir='ltr'><strong>possum:</strong></span> <span class='ocrx_word' id='word_1_320' title='bbox 542 3695 624 3750; x_wconf 85' lang='lat' dir='ltr'><strong>simul</strong></span> <span class='ocrx_word' id='word_1_321' title='bbox 640 3714 674 3751; x_wconf 91' lang='lat' dir='ltr'><strong>ac</strong></span> <span class='ocrx_word' id='word_1_322' title='bbox 687 3694 827 3752; x_wconf 81' lang='lat' dir='ltr'><strong>duraverit</strong></span> <span class='ocrx_word' id='word_1_323' title='bbox 838 3705 905 3752; x_wconf 83' lang='lat' dir='ltr'><strong>aetas</strong></span> 
     </span>
     <span class='ocr_line' id='line_1_45' title="bbox 200 3768 1098 3851; baseline -0.001 -19"><span class='ocrx_word' id='word_1_324' title='bbox 200 3768 330 3832; x_wconf 83' lang='lat' dir='ltr'><strong>Membra</strong></span> <span class='ocrx_word' id='word_1_325' title='bbox 343 3769 524 3851; x_wconf 86' lang='lat' dir='ltr'><strong>animumque</strong></span> <span class='ocrx_word' id='word_1_326' title='bbox 537 3783 628 3847; x_wconf 85' lang='lat' dir='ltr'><strong>tunm,</strong></span> <span class='ocrx_word' id='word_1_327' title='bbox 643 3772 724 3837; x_wconf 87' lang='lat' dir='ltr'><strong>nabis</strong></span> <span class='ocrx_word' id='word_1_328' title='bbox 740 3772 801 3835; x_wconf 82' lang='lat' dir='ltr'><strong>sine</strong></span> <span class='ocrx_word' id='word_1_329' title='bbox 814 3774 946 3832; x_wconf 74' lang='lat' dir='ltr'><strong>conice.&#39;’</strong></span> <span class='ocrx_word' id='word_1_330' title='bbox 988 3774 1038 3830; x_wconf 87' lang='lat' dir='ltr'><strong>Sic</strong></span> <span class='ocrx_word' id='word_1_331' title='bbox 1051 3793 1098 3831; x_wconf 85' lang='lat' dir='ltr'><strong>me</strong></span> 
     </span>
    </p>
   </div>
   <div class='ocr_carea' id='block_1_3' title="bbox 0 0 1280 4225">
    <p class='ocr_par' dir='ltr' id='par_1_4' title="bbox 0 0 1280 4225">
     <span class='ocr_line' id='line_1_46' title="bbox 0 0 1280 4225; baseline 0 0"><span class='ocrx_word' id='word_1_332' title='bbox 0 0 1280 4225; x_wconf 95' lang='lat' dir='ltr'><strong> </strong></span> 
     </span>
    </p>
   </div>
  </div>
 </body>
</html>
