2550 4225
432 269 462 327 Q,
480 268 625 317 nonam}
641 267 774 317 sanent.

272 408 404 485 Impunb,
418 404 500 479 Inui,
514 428 630 485 carpere
643 409 742 466 lividas

271 486 444 543 Oblivioues.
478 486 531 542 Est
544 487 656 541 animus
668 486 718 541 tibi

271 604 273 608 -
311 563 476 637 Rerumque
489 563 623 637 prudens,
637 573 666 618 et
678 562 812 619 senundis

350 640 540 714 Temporibus
553 636 701 712 dubiisque
713 651 824 705 rentum

272 718 386 774 Vindex
399 734 487 773 avarae
502 715 616 786 fraudis,
631 726 661 773 et
673 716 819 773 abstinens

271 794 411 851 Dueeutis
424 794 460 849 ad
474 812 504 849 se
518 803 622 849 cuneta
634 792 781 867 peeunin3

310 870 473 944 Consulque
487 888 544 926 non
558 870 644 926 unius
656 870 734 941 suni,

349 948 407 1005 Sed
420 948 529 1021 quoties
542 946 633 1003 benus
646 957 729 1020 atque
742 947 815 1004 fidus

213 1064 218 1071 -
271 1026 366 1084 Judex
378 1025 527 1082 honestum
540 1024 662 1098 pretulit
675 1024 746 1094 utili,
759 1034 788 1080 et

271 1101 385 1175 Rejeeit
398 1100 454 1156 aim
467 1101 540 1156 dona
554 1100 718 1156 nocentium

310 1178 407 1247 Vultu,
421 1186 450 1232 et
462 1194 511 1250 per
524 1176 667 1233 obstantes
680 1186 805 1233 eatenus

348 1252 492 1328 Explicuit
504 1270 556 1309 sua
568 1252 656 1309 vietor
669 1270 754 1309 arma.

272 1330 340 1389 Nou
417 1330 542 1387 identem
555 1329 644 1386 multa
656 1328 799 1387 receneris

238 1464 249 1485 ‚
271 1408 365 1465 Recte
379 1407 509 1478 beatum:
529 1404 635 1465 rectius
647 1416 768 1482 oeenpat

309 1484 423 1542 Nomen
436 1484 520 1555 beuti,
534 1483 582 1558 qui
595 1484 713 1541 deorum

348 1560 516 1620 Muneribus
530 1562 670 1635 supienter
682 1561 734 1634 uti,

270 1640 434 1713 Duramque
446 1639 529 1695 callet
541 1640 705 1713 pauperiem
717 1640 785 1715 pati,
884 1673 888 1679 ‹

270 1716 409 1789 Ps'usque
421 1716 478 1771 leto
491 1714 627 1789 flagitium
640 1717 736 1783 timet;

340 1810 377 1849 nn
391 1791 438 1848 ille
451 1810 501 1866 pro
514 1791 587 1847 naris
600 1792 699 1847 amieis
779 1795 785 1805 '

348 1868 408 1925 Aut
420 1868 510 1943 patrib
524 1867 640 1925 timidus
652 1868 751 1943 perire.

266 2318 333 2334 ⁶
487 2315 527 2356 an
540 2316 718 2360 mensumn.

189 2415 218 2474 0
232 2434 377 2474 nsunsms
391 2415 496 2489 adhue,
510 2427 538 2474 et
552 2417 674 2474 Veneris
686 2418 852 2476 muneribus
864 2428 972 2495 potens.

189 2493 337 2570 Insperata
349 2506 405 2554 tuae
418 2511 505 2570 quum
518 2495 612 2552 veniet
625 2495 722 2569 pluma
733 2495 882 2570 superbie,

188 2571 236 2643 Et,
248 2589 311 2646 quae
325 2591 403 2630 nune
416 2572 540 2628 humeris
554 2571 709 2642 involitent,
723 2572 881 2630 deciderint
892 2589 992 2641 eume,

189 2647 278 2705 Nune
291 2659 320 2706 et
332 2650 380 2724 qui
390 2650 467 2706 solor
480 2658 523 2708 est
536 2648 665 2722 punieeae
678 2647 747 2720 flore
758 2649 834 2722 prior
847 2668 917 2707 rosan

190 2724 318 2784 Mutatus
331 2726 500 2801 Ligurinum
514 2724 543 2781 in
558 2725 660 2782 saniem
673 2725 785 2781 verterit
795 2726 952 2800 hispidam
1070 2727 1090 2781 5

190 2801 288 2873 Diues,
302 2807 320 2832 “
330 2803 397 2859 Heu
405 2803 430 2858 !'’
447 2800 568 2876 (quoties
581 2812 609 2858 te
622 2801 653 2858 in
666 2802 783 2876 speculo
795 2803 898 2862 videris
908 2803 1043 2880 aiterum)

192 2885 210 2913 “
219 2880 296 2941 Qum
309 2895 390 2938 mens
403 2889 447 2938 est
460 2879 554 2950 hodie,
568 2896 620 2936 nur
633 2880 734 2936 eadem
747 2898 805 2937 nnn
818 2899 906 2956 puero
919 2880 991 2940 mitt

190 2955 244 3016 Vei
258 2974 309 3013 eur
322 2957 366 3014 his
379 2955 480 3015 animis
494 2956 651 3014 inaniumes
663 2975 721 3015 non
734 2957 855 3018 redeunt
866 2975 948 3036 genn
958 2957 989 3016 2¹·

468 3249 477 3263 “
531 3265 674 3324 onnx.

483 3403 524 3440 in
536 3400 717 3440 sumamus.
731 3414 747 3457 ·.
784 3436 786 3439 ,

228 3545 231 3550 .
268 3497 330 3554 Esr
343 3499 413 3555 mibi
426 3516 533 3556 nonum
546 3497 705 3576 superantis
716 3515 824 3559 sunum
920 3520 951 3550 e.
1068 3514 1072 3521 “
1177 3508 1181 3516 ’

268 3575 373 3632 Plenus
386 3573 491 3632 Albani
504 3578 609 3634 cadus:
630 3585 673 3632 est
685 3574 715 3632 in
727 3575 819 3645 hem,

268 3651 370 3725 Phylli,
384 3654 532 3710 nectendis
545 3654 640 3729 spium
652 3652 778 3711 somnias

502 3729 733 3854 impp„
