2550 4225
424 294 668 346 EPISTULARUM
685 293 750 347 Lm.
767 300 788 348 1.
804 302 829 348 6.

484 511 686 574 EPISTOLA
705 515 759 571 VI.
785 562 790 571 .

508 647 548 685 An
569 648 732 688 NUMIGIUM·
766 704 774 711 α

178 744 238 801 Nm
252 743 383 800 admirari
396 741 484 817 propd
498 755 600 809 resest
613 764 680 816 una,
694 745 823 817 Numici,
836 773 842 785 ·

179 822 310 895 Solaque,
323 838 386 893 que
399 821 487 894 possit
502 821 595 877 secere
608 832 638 879 et
651 841 762 879 servare
777 821 899 881 beatum.

179 898 267 953 Hunc
278 897 364 953 solem
377 908 406 952 et
419 897 512 953 stellas
525 909 553 954 et
566 899 735 955 decedentia
747 902 832 957 certis

178 974 322 1047 Tempora
335 974 485 1029 momentis
499 986 565 1031 sunt
578 976 625 1049 qui
640 976 789 1033 formidine
802 977 881 1034 nulld

179 1049 286 1106 Imbuti
301 1061 444 1124 spectent:
466 1051 532 1123 quid
544 1070 645 1108 censes
657 1071 775 1109 munera
788 1055 889 1110 terrael
955 1044 958 1048 ¹
1087 1059 1124 1117 ὅ,

178 1128 258 1187 Quid
272 1126 357 1182 maris
370 1138 508 1185 extremos
522 1128 631 1185 Arabas
645 1129 760 1186 ditantis
772 1141 801 1186 et
814 1131 922 1187 Indosl
1022 1168 1026 1175 -

178 1203 303 1259 Ludicra
315 1203 393 1276 quid,
406 1204 531 1277 plausus,
545 1215 574 1259 et
587 1205 672 1261 amici
684 1208 760 1263 dona
771 1207 914 1267 Quiritisl

177 1280 247 1342 Quo
261 1280 416 1353 spectanda
429 1281 521 1351 modo,
535 1300 590 1354 quo
603 1300 689 1338 seusu
702 1284 796 1339 credie
808 1294 838 1340 et
850 1286 919 1341 orel

177 1357 240 1417 Qui
253 1358 335 1413 timet
348 1356 392 1412 his
405 1358 530 1428 adverse,
545 1356 603 1413 ferd
618 1359 734 1416 miratur
746 1359 856 1432 eodem,

177 1434 247 1494 Quo
259 1432 387 1507 cupiam,
400 1444 499 1508 pacto:
520 1453 603 1508 pavor
616 1446 660 1491 est
672 1437 819 1510 utrobique
828 1438 977 1495 molestus:
1070 1441 1109 1497 lt)

178 1510 335 1585 lmpmvisa
348 1510 431 1567 simul
445 1512 554 1584 species
567 1523 689 1567 exterret
699 1524 854 1587 utrumque.
988 1515 993 1520 ’

178 1589 317 1657 Gaudeat,
332 1605 368 1643 an
383 1587 489 1654 doleat3
511 1588 615 1661 cupiet,
629 1600 774 1646 metuatne
782 1609 789 1658 ;
810 1592 877 1663 quid
891 1592 927 1648 ad
939 1610 1009 1663 rem,

180 1666 221 1735 Si,
234 1664 369 1739 quidquid
383 1663 452 1719 vidit
464 1664 565 1719 melius
575 1664 689 1738 pejusve
701 1666 753 1721 sui
766 1684 825 1740 spe,
857 1705 860 1714 ·

179 1740 287 1798 Defixis
299 1741 389 1797 oculis
402 1739 550 1813 animoque
564 1752 592 1796 et
605 1760 721 1815 corpore
734 1745 844 1817 torpeti

180 1818 277 1875 Insani
291 1818 403 1891 sapiens
416 1834 520 1873 nomen
535 1817 614 1889 serat,
628 1836 725 1892 [equus
738 1820 837 1893 iniqui,
1072 1824 1109 1881 15
1204 1849 1208 1852 ·

179 1893 259 1951 Ultrd
271 1893 356 1968 quam
370 1890 438 1949 sctis
451 1904 494 1949 est
508 1894 636 1950 virtutem
651 1895 675 1950 si
689 1907 765 1969 petat
778 1896 876 1970 ipsam.

218 1973 233 2027 l
248 1990 335 2041 nunc,
349 1981 507 2045 argentum,
520 1981 549 2027 et
562 1990 683 2029 marmor
696 1985 786 2043 vetus,
800 1992 919 2048 aeraque,
932 1985 962 2033 et
974 1985 1060 2033 arus·

180 2050 315 2124 Suspiee;
336 2066 402 2104 cum
415 2047 534 2123 gemmis
548 2047 652 2122 Tyrios
664 2049 766 2106 mirare
780 2051 905 2121 colores:

178 2127 280 2183 Gaude
292 2124 367 2199 qudd
381 2136 508 2200 spectant
520 2125 595 2182 oculi
608 2137 636 2182 te
650 2127 727 2183 mille
739 2127 915 2202 loquentem:

179 2205 294 2261 Gnarus
306 2201 389 2260 mand
406 2203 496 2259 sorum
510 2214 538 2260 et
551 2205 725 2277 vespertinus
737 2216 801 2278 pete
813 2217 920 2262 tectum
931 2227 939 2275 ;

180 2280 226 2337 Ne
239 2280 303 2355 plus
317 2281 448 2337 frumenti
461 2279 600 2336 dotalibus
612 2290 716 2336 emetat
729 2281 803 2353 agris

181 2355 296 2425 Mutus3
317 2367 355 2428 et,
365 2357 524 2430 indignum,
538 2354 614 2431 qudd
628 2357 665 2412 sit
677 2356 817 2431 pejoribus
829 2368 916 2428 ortus,

182 2434 240 2490 Hic
253 2435 304 2490 tibi
318 2435 354 2490 sit
365 2433 459 2508 potiris
472 2432 556 2506 qudm
571 2444 602 2490 tu
615 2433 751 2490 mirabilis
764 2433 812 2489 illi.
899 2455 902 2460 ·

179 2511 328 2584 Quidquid
342 2512 395 2566 sub
407 2511 482 2566 terrei
495 2510 592 2582 est,=in
606 2510 731 2584 apricum
745 2510 866 2584 proferet
878 2513 963 2579 elatu

180 2587 313 2644 Desodiet
322 2588 479 2661 condetque
492 2589 618 2644 nitentia.
659 2586 759 2646 Quum
773 2587 845 2642 bene
858 2598 955 2644 notum
1070 2589 1110 2646 25

180 2665 310 2722 Porticus
323 2665 454 2739 Agrippae
467 2675 496 2720 et
509 2665 554 2721 vic
566 2676 594 2720 te
608 2663 784 2737 conspexerit
798 2663 884 2738 Appi,

181 2741 227 2798 lre
241 2752 335 2798 tamen
349 2752 434 2798 restat
447 2739 546 2798 Numa
558 2738 742 2815 qubdevenit
755 2751 784 2796 et
794 2741 902 2797 Ancus.
924 2757 929 2761 ’

182 2819 213 2874 Si
226 2818 300 2875 latus
312 2829 361 2875 aut
373 2837 456 2874 renes
470 2819 566 2874 morbo
575 2828 720 2874 tentantur
733 2828 826 2888 acuto,

180 2894 288 2954 Quaere
301 2895 395 2969 fugam
409 2893 506 2949 morbi.
547 2895 599 2949 Vis
612 2891 689 2949 rectd
703 2894 814 2949 viveret
834 2895 897 2968 quis
908 2896 984 2952 nonl

183 2972 214 3028 Si
228 2972 316 3028 virtus
329 2973 384 3028 hoc
394 2988 452 3026 unu
463 2979 556 3043 potest
569 2969 646 3039 dare,
661 2969 738 3024 sortis
748 2970 858 3025 omissis

176 3025 247 3105 lloc
261 3067 313 3121 age
327 3047 443 3105 deliciis.
466 3075 469 3079 ·
484 3044 625 3104 Virtutem
638 3045 722 3100 rerba
734 3055 825 3120 putes,
838 3056 871 3101 ut
895 3114 899 3124 Ι

182 3126 292 3182 Lucum
306 3124 404 3200 lignal
425 3142 493 3180 care
507 3141 543 3178 ue
557 3133 653 3198 portus
664 3132 785 3197 occupet
798 3122 878 3192 alter,

182 3201 228 3258 Ne
243 3203 414 3278 Cibyratica,
428 3219 464 3256 ne
478 3200 600 3274 Bithyna
614 3199 728 3274 negotia
739 3199 848 3273 perdas.

183 3277 262 3335 Mille
276 3281 380 3336 talenta
394 3279 590 3347 retundantur,
604 3277 721 3333 totidem
735 3277 837 3343 altera3
858 3273 941 3349 porrd
954 3285 983 3333 et

181 3356 282 3412 Tertia
291 3357 455 3425 succedant,
468 3365 497 3410 et
509 3373 571 3428 quae
585 3372 649 3428 pars
661 3354 779 3426 quadret
791 3371 931 3409 acervum.
1073 3354 1113 3410 35
1150 3424 1153 3430 Ι

183 3434 300 3490 Scilicet
313 3451 428 3489 uxorem
441 3449 507 3486 cum
522 3433 596 3500 dote,
610 3431 760 3504 fidemque,
774 3429 931 3500 erenricus,

182 3508 219 3566 Et
233 3529 334 3584 genus,
347 3521 376 3565 et
389 3509 516 3577 sormam,
529 3509 628 3581 regina
641 3507 763 3581 pecunia
775 3506 878 3562 donate
933 3518 935 3522 ’

182 3588 227 3643 Ac
241 3589 315 3643 bene
329 3597 504 3644 nummatum
518 3585 633 3640 decorat
646 3582 769 3638 Suadela
782 3583 943 3656 Venusque.

183 3663 336 3738 Mancipiie
349 3663 473 3736 locuples
486 3673 551 3734 eget
564 3661 627 3716 airis
640 3659 842 3733 Cappadocum
855 3678 920 3716 rex:

183 3739 229 3797 Ne
243 3741 329 3798 fueris
343 3741 437 3796 hictu.
479 3738 650 3810 Cblamydes
664 3736 808 3807 Lucullus,
823 3747 854 3794 ut
867 3736 958 3806 aiunt,
1073 3735 1112 3792 4⁰
