2550 4225
469 284 665 333 CARMINUM
682 286 747 333 LIB.
764 288 785 333 1.
865 286 870 295 '

536 499 619 555 ODE
639 500 722 557 XVI.

548 634 588 670 Ab
602 634 706 671 VARUM

176 733 317 801 Nunumu,
331 731 511 799 Varepsacrtl
525 731 580 786 vite
594 728 673 803 prius
687 731 790 785 severis
803 732 929 789 arborem

175 812 262 866 Circa
276 810 343 863 mite
354 807 444 883 solum
459 807 585 875 Tiburis,
599 818 628 861 ot
642 807 747 861 incenia
761 807 861 863 Catili:

176 888 268 943 Siccis
281 886 376 941 omnia
389 902 454 939 nam
469 884 539 939 dura
559 883 638 939 Deus
652 884 809 956 proposuit;
831 903 921 957 neque

175 964 327 1021 Mordaces
340 962 420 1018 aliter
434 960 586 1033 diffugiunt
599 961 810 1017 sollicitudines.

173 1042 252 1102 Quis
264 1050 326 1115 post
339 1039 404 1094 vina·
416 1056 529 1113 gravem
545 1038 671 1093 militiam
685 1049 733 1093 aut
746 1039 908 1111 pauperiem
922 1041 1036 1111 crepat?
1094 1042 1114 1096 5

173 1119 252 1179 Quis
265 1136 321 1173 non
335 1127 363 1173 te
376 1112 478 1189 potitis,
493 1114 605 1186 barone
619 1126 707 1188 pater,
722 1125 815 1186 teque,
830 1116 936 1171 decens
950 1115 1068 1172 Venusl

175 1196 217 1251 At
230 1214 266 1250 ne
279 1194 342 1266 quis
355 1192 459 1249 modici
471 1190 607 1247 transiliat
622 1210 739 1247 munera
752 1191 857 1261 Liberi,

175 1272 338 1328 Centaurea
351 1278 446 1325 monet
459 1286 524 1323 cum
538 1268 665 1341 Lapithis
678 1268 739 1323 rixa
753 1287 836 1341 super
849 1286 926 1324 mero

141 1368 145 1375 ’
175 1348 340 1413 Debellata;
361 1356 456 1401 mouet
470 1346 607 1401 Sithoniis
621 1365 679 1400 non
692 1344 762 1399 levis
775 1344 872 1414 Euius,

150 1432 156 1449 ¹
173 1426 276 1487 Quum
290 1424 332 1480 fas
345 1434 426 1497 atque
440 1423 519 1479 nefus
532 1424 635 1496 exiguo
651 1422 704 1476 lina
718 1422 868 1477 libidinum
1079 1423 1115 1480 10

175 1504 351 1559 Discernunt
363 1500 445 1555 avidi.
486 1499 553 1555 Non
567 1518 620 1572 ego
633 1510 672 1566 te,
687 1499 807 1553 candide
821 1499 959 1554 Bassareu

176 1581 300 1637 Invitum
314 1577 456 1652 quatiam:
477 1594 532 1631 nec
546 1576 629 1630 variis
642 1575 733 1629 obsita
747 1574 892 1629 frondibus

176 1658 237 1713 Sub
251 1658 346 1713 divum
359 1653 475 1727 rapiam.
516 1653 598 1707 Saeva
610 1662 677 1707 tene
688 1669 754 1705 cum
768 1651 955 1724 Berecynthio

175 1735 275 1791 Cornu
286 1745 428 1806 tympana,
443 1747 505 1803 quae
518 1729 696 1801 subsequitur
709 1746 802 1783 caecus
815 1728 905 1785 Amor
918 1730 971 1800 sui,

174 1812 212 1869 Et
226 1812 326 1868 tollens
339 1826 458 1865 vacuum
472 1804 536 1881 plirs
548 1806 637 1863 nimio
650 1806 747 1862 Gloria
759 1806 901 1876 verticem,
1080 1808 1115 1864 15

175 1889 339 1960 Arcanique
350 1886 435 1942 Fides
448 1885 574 1959 prodiga,
587 1883 756 1957 perlucidior
770 1883 847 1939 vitro.

525 2194 608 2250 ΟΙ)Ε
628 2192 728 2250 XVII.

497 2328 537 2363 An
557 2324 762 2362 MAEGENATEM.

292 2428 370 2484 Vrun
384 2422 493 2497 potabis
508 2421 626 2476 modicis
641 2420 777 2474 Sabinum
819 2462 826 2473 .

292 2500 454 2568 Canthara,
467 2497 569 2556 Graecd
584 2497 659 2569 quod
672 2513 726 2568 ego
738 2495 798 2569 ipse
811 2497 884 2552 testi

292 2579 446 2637 Conditum
459 2575 524 2644 levi,
539 2575 622 2630 datus
635 2573 665 2628 in
679 2574 787 2630 theatro

449 2654 549 2714 Quum
564 2651 614 2708 tibi
628 2651 752 2725 plausus,

293 2736 368 2797 Care
380 2732 524 2787 Maeoeuas
537 2749 631 2804 eques,
647 2740 678 2784 ut
690 2730 800 2803 paterni

252 2855 256 2859 -
293 2810 431 2868 Fluminis
444 2810 520 2882 ripae,
535 2808 617 2864 simul
631 2818 660 2861 et
670 2807 768 2880 jocosa

293 2889 437 2945 Redderet
451 2886 547 2950 laudes
561 2885 612 2940 tibi
626 2885 759 2940 Vaticani

448 2961 555 3016 Montis
569 2961 670 3032 imago.

294 3043 449 3100 Caecubum
463 3048 491 3094 et
504 3036 589 3111 praelo
603 3036 737 3091 domitam
752 3035 862 3091 Caleno

293 3121 341 3178 Tu
355 3120 434 3176 bibes
447 3133 547 3174 uvam:
568 3131 632 3168 mea
645 3131 700 3168 nec
713 3111 841 3167 Falernas
1078 3115 1114 3169 10

292 3198 466 3272 Temperant
479 3193 548 3250 vites
561 3210 653 3264 neque
667 3188 811 3247 Formiani
1144 3193 1150 3199 ’

448 3271 555 3328 Pocula
568 3269 661 3326 colles.
