2550 4225
178 299 232 356 116
496 297 526 353 Q·
544 296 688 345 HORA'l'll
705 297 828 347 street

182 464 183 472 ¹
214 436 275 497 Qui
288 452 334 491 me
348 433 506 506 commdrit,
528 440 545 465 “
555 433 662 493 Melius
674 454 733 493 non
745 446 861 511 tangere
869 436 896 490 !”
918 434 1019 506 clamo,

215 512 316 582 Flebit,
330 523 359 569 et
372 511 489 586 insignis
502 511 561 568 toti
574 513 731 569 cantabitur
741 512 818 568 urhe.

193 626 198 633 ·
217 590 330 646 Servius
343 590 430 645 iratus
443 588 521 663 leges
534 589 678 645 minitatur
690 599 720 645 et
732 606 848 645 urnam:

215 664 336 723 Canidia
349 663 458 735 Albuti,
472 665 572 739 quibus
585 677 628 722 est
641 666 764 735 inimica,
778 684 934 722 venenum:

215 742 330 799 Grande
344 742 449 798 malum
462 740 580 811 Turius,
594 742 618 798 si
631 743 693 815 quis
706 761 736 798 se
747 741 843 815 judice
858 753 953 800 certet

216 819 265 890 Ut,
277 838 332 894 quo
344 818 461 893 quisque
475 818 556 889 valet,
571 829 715 892 suspectos
728 829 839 889 terreat,
852 830 938 893 utque
1110 822 1151 877 to

217 896 340 970 Imperet
353 896 407 952 hoc
421 904 521 950 natura
532 904 642 969 potens,
656 895 812 969 siccollige
825 914 954 953 mecum:
1263 913 1264 920 ¹

217 972 417 1046 Dente'lupuq
430 989 518 1027 cornu
532 982 629 1028 taurus
641 972 711 1045 petit
722 991 729 1039 3
750 972 837 1041 unde,
851 972 905 1028 uisi
918 973 994 1029 intus

218 1047 424 1105 Monstratuml
459 1049 564 1103 Serere
577 1048 800 1104 vivacemcrede
813 1049 908 1123 nepoti

218 1124 338 1181 Matrem
351 1144 356 1179 :
378 1124 417 1180 nil
432 1123 516 1181 faciet
529 1125 643 1180 sceleris
655 1125 703 1198 pia
715 1125 845 1181 dextera:
866 1125 983 1181 mirum!

218 1200 256 1258 Ut
269 1219 359 1275 neque
373 1202 452 1257 calce
465 1200 548 1274 lupus
561 1218 729 1273 quenquam,
743 1219 834 1273 neque
849 1201 934 1258 dente
946 1203 1016 1276 petit
1029 1203 1095 1259 bos:
1111 1205 1153 1259 55
1264 1249 1265 1278 ,

219 1278 276 1334 Sed
290 1278 363 1333 mala
376 1277 453 1333 tollet
466 1294 551 1333 anum
565 1275 662 1333 vitiato
673 1275 756 1332 melle
765 1277 867 1333 cicuta.

217 1353 264 1410 Ne
277 1355 391 1429 longum
405 1354 521 1420 laciam;
543 1372 592 1409 seu
607 1370 653 1408 me
666 1350 813 1426 tranquilla
826 1365 957 1410 senectus

218 1430 378 1505 Exspectat,
392 1448 442 1486 seu
453 1448 527 1487 mors
539 1430 607 1486 atris
619 1429 801 1485 circumvolat
814 1430 883 1497 alis3

218 1504 313 1578 Dives,
327 1506 423 1581 inops;
444 1506 555 1577 Rome,
568 1525 619 1563 seu
633 1506 689 1562 fors
702 1506 741 1561 ita
750 1506 873 1580 jusserit,
886 1507 982 1575 exsul;

217 1582 354 1657 Quisquis
366 1584 420 1640 erit
433 1583 506 1655 vitae,
520 1584 652 1653 scribam,
666 1582 749 1639 color.

585 1727 742 1761 TREBATIO&

760 1810 880 1885 Opuer,
893 1814 976 1869 utsis
1110 1814 1152 1872 ω

217 1891 318 1949 vialis
327 1902 431 1960 metuo,
445 1901 474 1947 et
486 1890 624 1964 majorum
637 1906 674 1945 ne
687 1889 750 1963 quis
762 1888 871 1945 amicus
1265 1907 1266 1924 ¹

217 1967 333 2041 Frigore
346 1978 374 2023 te
389 1966 475 2024 feriat.

591 2092 733 2125 norimus.

570 2177 672 2242 Quidl
691 2195 777 2251 quum
790 2188 833 2234 est
846 2177 975 2236 Lucilius
985 2197 1071 2237 ausus

195 2313 198 2320 Δ
217 2254 327 2313 Primus
340 2255 369 2311 in
381 2253 460 2311 hunc
472 2254 564 2330 operis
577 2272 745 2328 componere
758 2255 884 2311 carmina
896 2274 1011 2327 morem,

217 2330 370 2389 Detrahere
383 2342 412 2388 ct
424 2331 535 2406 pellem,
549 2331 655 2388 nitidus
667 2329 723 2405 qui
736 2331 851 2405 quisque
864 2351 975 2406 perora

216 2407 347 2480 (lederet,
361 2408 509 2466 introrsum
523 2409 611 2482 turpis
622 2428 629 2476 3
651 2426 719 2463 num
733 2407 845 2479 Laelius,
859 2408 947 2482 etqui
1109 2409 1151 2466 66

218 2484 305 2542 Duxit
319 2485 354 2540 ab
366 2485 499 2559 oppressi
512 2485 643 2540 meritum
658 2484 829 2558 Carthagine
843 2501 955 2555 nornen,

217 2561 337 2636 Ingenio
349 2562 459 2633 offensi,
473 2572 521 2618 aut
534 2561 599 2617 laeso
613 2559 730 2617 doluere
742 2559 867 2630 Metello,
1025 2623 1034 2638 .

217 2638 398 2712 Famosisque
412 2639 492 2712 Lupo
505 2649 634 2711 cooperto
648 2637 792 2693 versibus?
824 2637 911 2710 Atqui

216 2715 355 2772 Primores
367 2715 462 2789 populi
477 2713 592 2788 arripuit
604 2713 791 2787 populumque
803 2710 939 2782 tributim,
1265 2708 1267 2781 l

216 2792 332 2848 Scilicet
345 2792 395 2846 uni
408 2808 504 2864 aequus
517 2789 610 2845 virtuti
624 2799 706 2862 atque
719 2788 780 2861 ejus
794 2787 900 2845 amicis
1110 2791 1150 2848 7⁰

214 2865 306 2937 Quin,
316 2866 364 2921 uhi
378 2885 408 2922 se
422 2886 439 2922 a
452 2865 534 2939 vulgo
547 2875 576 2921 et
589 2865 675 2920 sceui
689 2865 718 2920 in
732 2874 840 2921 secreta
852 2862 993 2922 remdrant

216 2945 312 3000 Virtus
326 2943 465 3016 Scipiadae
478 2954 510 2998 et
521 2942 595 2997 mitis
609 2941 746 3015 sapientia
758 2939 839 3012 Leti,

216 3017 325 3094 Nugari
339 3036 404 3075 cum
418 3018 475 3088 illo,
489 3030 518 3074 et
531 3017 663 3074 discincti
676 3018 783 3089 ludere,
796 3019 888 3074 donec

215 3094 424 3168 Decoqueretur
434 3081 508 3166 hlus,
523 3093 603 3150 soliti.
636 3093 784 3173 Quidquid
799 3112 861 3150 sum
871 3092 934 3168 ego,
944 3094 1070 3168 quamvis

215 3171 294 3228 Infra
306 3171 399 3228 Lucili
415 3189 531 3227 censum
542 3170 751 3244 ingeniumque,
761 3181 857 3226 tamen
870 3187 916 3226 me
953 3187 957 3192 ’
1109 3172 1149 3226 75

216 3247 291 3304 Cum
304 3247 415 3322 magnis
430 3247 530 3304 vixisse
543 3247 630 3302 invita
643 3245 774 3302 fatebitur
787 3264 876 3320 usque

216 3322 335 3394 Invidia,
349 3335 387 3396 et,
402 3323 493 3399 fragili
505 3340 633 3396 querens
646 3322 754 3380 illidere
768 3323 892 3392 dentem,

216 3400 349 3457 Offeudet
362 3400 467 3458 solido:
488 3399 542 3456 nisi
555 3399 623 3473 quid
636 3409 677 3468 tu,
691 3400 773 3456 docte
786 3397 912 3467 Trebati,

217 3476 363 3534 Dissentis.
387 3520 389 3523 v

582 3561 739 3596 rnnnt‘rrus.

447 3647 584 3722 Equidem
598 3647 668 3704 nihil
681 3643 729 3702 hic
742 3643 888 3703 diffindere
900 3664 1021 3722 possum

218 3723 275 3780 sed
288 3734 391 3795 tamen,
406 3735 437 3781 ut
450 3725 573 3782 monitus
586 3742 694 3792 caveas,
708 3741 745 3780 ne
759 3720 829 3780 fond
843 3722 939 3798 negoti
1108 3724 1148 3783 Β]
