2550 4225
407 288 652 340 anrsromnuu
669 293 734 342 arn.
751 294 772 342 1.
788 297 812 343 a.
829 298 853 342 a
919 274 927 285 ’
1063 298 1118 355 iss

474 504 675 564 EPISTOLA
690 508 774 565 VIII.

414 639 452 676 An
466 638 584 678 GELSUM
597 640 821 681 suumovsrwu.

168 734 266 792 Curso
278 736 402 811 gaudere
415 747 444 793 et
457 734 531 795 bend
543 756 603 794 rem
616 756 714 813 gerere
729 740 915 810 Albinovaeo,

168 810 253 869 Musa
265 824 370 888 rogata,
385 813 467 885 refer,
481 815 577 871 comiti
590 816 745 886 scriboeque
759 814 890 874 Neronis.

167 890 199 946 si
209 900 316 964 qureret
327 890 394 964 quid
409 908 507 968 agam3
529 892 585 963 dic,
600 892 689 949 multa
701 902 730 947 et
742 894 861 966 pulchra
873 895 1038 967 minantem,

167 967 270 1023 Vivere
284 986 338 1024 nec
351 966 440 1040 rectd,
454 986 509 1025 nec
523 969 663 1025 suaviter:
684 970 759 1025 hund
773 970 840 1043 quia
853 972 962 1046 grando

166 1044 333 1101 contuderit
346 1046 424 1115 vites,
438 1045 563 1103 oleamve
576 1046 758 1103 momorderit
770 1057 871 1115 nuum
1039 1042 1042 1047 ’
1092 1054 1111 1106 5

166 1120 228 1179 Neu
243 1120 310 1194 quia
323 1121 483 1197 longinquis
497 1134 655 1180 armentum
668 1134 784 1197 aegrotet
796 1124 827 1179 in
841 1126 929 1193 arvis;

168 1199 224 1255 Sed
238 1198 314 1272 quia,
327 1209 422 1255 mente
436 1197 531 1257 mimis
544 1200 653 1258 validus
665 1198 750 1273 quim
765 1206 882 1274 corpore
892 1213 960 1271 toto,

165 1274 213 1331 Nil
227 1275 324 1331 audire
335 1272 427 1347 ¹velim,
442 1277 480 1332 nil
495 1277 615 1347 discere,
627 1277 701 1349 quod
715 1276 787 1333 levet
801 1295 924 1350 aegrum

165 1351 244 1408 Fidis
256 1350 382 1417 offendar
396 1353 522 1421 medicis,
538 1353 642 1409 irascar
655 1353 763 1424 amicis,

164 1430 222 1486 Cur
236 1447 282 1485 me
297 1429 406 1486 funesto
419 1442 570 1505 properent
583 1448 679 1485 arcere
693 1442 808 1487 veterno
816 1451 823 1497 3
1072 1436 1107 1491 to

162 1506 238 1567 Quae
252 1505 376 1562 nocuere
389 1524 506 1581 sequar3
528 1507 632 1581 fugiam
646 1524 708 1579 quae
722 1508 832 1580 profore
844 1510 975 1576 credam

163 1582 264 1640 Rome
277 1582 369 1640 Tibur
383 1600 475 1638 amem
489 1594 630 1653 ventosus,
644 1582 754 1638 Tibure
768 1584 897 1640 Romam.

163 1660 230 1717 Post
243 1661 314 1730 haec,
329 1672 359 1716 ut
373 1659 473 1731 valeat,
488 1678 543 1733 quo
557 1670 642 1733 pacto
655 1678 714 1715 rem
728 1671 809 1733 gerat
821 1671 850 1717 et
864 1680 904 1731 se,

162 1736 200 1794 Ut
213 1737 322 1812 placeat
331 1736 438 1813 juveni,
452 1746 625 1811 percontare,
639 1746 724 1810 utque
737 1738 852 1793 cohorti.

163 1815 195 1870 Si
210 1814 294 1885 dicet,
308 1818 326 1845 ‘⁴
336 1810 430 1870 Rectd
440 1812 474 1868 ”1
496 1811 618 1888 prunum
632 1815 772 1889 gaudere;
795 1814 915 1872 subinde
1069 1820 1106 1875 1⁶

162 1891 337 1966 Preceptrun
351 1890 484 1946 auriculis
496 1890 551 1947 hoc
564 1890 699 1947 instillare
714 1902 856 1948 memento
869 1912 875 1947 :

162 1967 230 2025 “Ut
242 1979 273 2027 tn
287 1966 436 2038 fortunam,
450 1968 491 2024 sic
503 1986 557 2025 nos
569 1979 607 2039 te,
621 1967 715 2036 Gelae,
729 1968 877 2025 feremus.'’

469 2152 501 2159 0—.

408 2319 414 2328 ,
472 2273 674 2334 EPISTOLA
688 2276 742 2334 IX.

427 2413 465 2450 AD
481 2409 633 2450 cadumum
648 2409 804 2449 nunonem.

160 2514 332 2584 Serninus,
346 2509 458 2580 Claudi,
474 2511 606 2566 nimirum
621 2507 752 2582 intelligit
764 2526 839 2563 unus
930 2507 933 2518 ’

158 2590 270 2652 Quanti
284 2608 330 2646 ms
343 2589 447 2647 facias:
468 2605 544 2658 nam,
560 2605 646 2662 quum
660 2596 749 2660 rogat,
762 2596 791 2640 et
803 2603 888 2659 prece
901 2583 977 2662 cogit

160 2667 287 2737 Scilicet,
303 2678 332 2723 ut
345 2665 395 2722 tibi
410 2684 440 2722 sc
454 2665 569 2720 laudare
583 2675 611 2719 et
625 2663 735 2720 tradere
749 2679 863 2732 coner„

160 2744 287 2820 Dignum
302 2753 396 2800 mente
410 2742 547 2816 domoque
561 2741 682 2816 legentis
696 2741 813 2796 honesta
827 2738 951 2796 Neronis
963 2760 969 2806 ;

159 2820 281 2878 Munere
294 2839 380 2894 quum
395 2818 474 2894 fungi
487 2819 622 2894 propioris
635 2827 733 2881 censet
744 2818 827 2874 amici
839 2837 846 2884 ;
1081 2820 1100 2874 6

157 2897 240 2959 Quid
253 2898 357 2972 possim
371 2898 446 2952 videt
459 2913 493 2952 ac
507 2896 584 2952 novit
599 2913 644 2949 me
659 2893 767 2950 valdids
781 2896 849 2968 ipso.

159 2974 251 3031 Multa
264 2975 377 3048 quidem
392 2974 450 3029 dixi
463 2991 515 3028 cur
528 2981 678 3027 excusatus
692 2971 796 3026 abirem
809 2990 816 3036 ;

159 3053 216 3109 Sed
231 3052 311 3107 timui
326 3069 388 3108 mea
402 3070 438 3106 ne
452 3049 566 3106 linxisse
583 3047 690 3104 minora
704 3058 826 3120 putarer,

158 3127 356 3186 DissImulator
366 3129 428 3202 opis
441 3126 568 3202 proprias,
583 3124 652 3181 mihi
666 3123 830 3179 commodus
843 3125 901 3180 nni.

158 3206 209 3262 Sic
222 3224 284 3279 ego,
300 3205 412 3280 majoris
427 3204 539 3279 fugiens
552 3202 699 3278 opprobria
712 3200 813 3275 oulpae,
1064 3203 1099 3258 lo

158 3281 270 3339 Frontis
285 3283 320 3339 ad
336 3284 450 3338 urbanae
465 3279 600 3337 descendi
612 3279 735 3354 praemia.
775 3274 904 3337 Quddsi

156 3359 325 3434 Depositum
340 3360 439 3416 laudas
453 3361 490 3416 ob
504 3357 588 3414 amici
599 3355 679 3431 jussa
691 3351 837 3430 pudorem,

156 3436 256 3494 Scribo
270 3439 311 3494 tui
324 3437 419 3512 gregis
433 3437 520 3505 hunc,
533 3445 562 3492 et
577 3434 676 3490 fortem
690 3431 774 3489 crede
788 3430 955 3506 bonumque.
