2550 4225
1152 186 1177 234 l

433 288 639 339 SATIRARUM
656 288 721 340 LlB.
738 294 799 341 Μ.
979 367 982 375 Ι
1044 294 1104 350 Ῑθῖ

150 427 221 489 Vita
234 428 388 485 solutorum
402 429 506 489 misera
519 432 674 490 ambitione
687 433 838 508 gravique:

149 507 209 565 His
222 524 268 563 me
281 506 420 576 consolor,
434 506 559 565 victurus
573 508 688 567 suavius
702 528 736 566 ac
749 510 773 565 si
1041 508 1097 565 130

148 584 285 646 Questcr
298 600 368 640 avus
380 592 459 657 pater
473 594 556 659 atque
570 604 652 642 meus
659 598 836 665 patruusque
851 586 977 643 fuissent.

480 912 637 991 sirmi
661 935 730 992 vu.

138 1030 332 1109 'Pnoscatrrr
346 1050 437 1125 Regis
450 1049 552 1125 Rupili
565 1070 620 1125 pus
632 1062 716 1125 atque
730 1070 869 1109 venenum

150 1128 249 1185 Ibrida
261 1146 317 1202 quc
329 1138 412 1202 pacto
425 1128 462 1185 sit
475 1127 588 1185 Persius
602 1129 687 1199 ultus,
700 1130 800 1203 opinor

63 1268 67 1275 ,
148 1206 293 1263 Omnibus
306 1216 335 1261 et
347 1205 429 1279 lippis
442 1214 541 1261 notum
555 1215 584 1262 et
596 1206 756 1263 tonsoribus
769 1226 839 1263 esse.

150 1283 265 1341 Persius
278 1282 333 1338 hic
339 1300 493 1357 permagna
506 1282 619 1356 negotia
632 1283 711 1351 dites
724 1282 845 1341 habebat

150 1360 344 1430 Clazomenis,
357 1360 442 1417 etiam
454 1359 518 1415 lites
531 1377 597 1415 cum
612 1360 696 1434 Rege
709 1362 856 1429 molestas3
1072 1365 1094 1420 ³

149 1438 247 1495 Durus
260 1438 354 1508 homo,
368 1446 451 1510 atque
464 1436 530 1493 odio
542 1436 590 1510 qui
603 1448 698 1531 posset
711 1438 824 1495 vincere
838 1439 967 1513 Regem

148 1514 315 1585 Confidens,
328 1514 509 1587 tumidusque
520 1532 527 1582 ;
549 1515 621 1569 adeo
636 1516 774 1571 sermonis
786 1516 883 1586 amari,

149 1593 296 1661 sisennas,
310 1591 412 1647 Barros
423 1602 455 1646 ut
467 1590 547 1663 equis
560 1601 744 1664 procurreret
757 1592 837 1649 albis.
965 1651 972 1658 ,

111 1664 119 1675 ’
188 1668 364 1743 Ad'Regem
378 1668 472 1723 redeo.
507 1666 658 1740 Postquam
673 1668 744 1724 nihil
758 1669 831 1725 inter
845 1680 994 1744 utrumque

148 1745 292 1803 Convenit
306 1743 375 1820 (hoc
388 1744 495 1801 etenim
509 1754 575 1801 sunt
587 1762 686 1801 omnes
697 1745 760 1819 jure
770 1746 890 1817 molesti,

146 1822 219 1885 Quo
232 1823 326 1892 fortes,
339 1821 441 1896 quibus
455 1822 602 1877 adversum
614 1822 719 1878 bellum
732 1823 850 1880 incidit:
871 1825 944 1881 inter
1022 1822 1049 1896 2

149 1899 277 1958 Hectora
288 1898 452 1955 Priamiden
466 1899 624 1956 animosum
638 1910 721 1974 atque
735 1901 808 1958 iuter
821 1902 964 1958 Achillem

149 1977 198 2036 Ira
211 1976 264 2034 luit
277 1976 416 2051 capitalis,
431 1989 461 2033 ut
474 1976 573 2033 ultima
586 1977 724 2034 divideret
736 1998 826 2048 mors3
890 1986 894 1993 ’

148 2054 218 2113 Non
232 2056 316 2114 aliam
329 2054 366 2112 ob
380 2071 506 2127 causam,
520 2054 576 2112 nisi
588 2052 665 2129 qudd
680 2056 766 2114 virtus
780 2057 810 2113 in
824 2068 950 2133 utroque.

149 2135 268 2191 Summa
281 2133 341 2190 fuit.
376 2131 441 2188 Duo
454 2133 479 2188 si
492 2133 632 2190 discordis
645 2145 730 2190 vexet
740 2135 854 2206 inertes,

149 2213 211 2270 Aut
224 2211 247 2267 si
260 2209 419 2284 disparibus
433 2209 537 2266 bellum
551 2211 668 2280 incidat,
679 2222 710 2266 ut
723 2211 855 2268 Diomedi

148 2289 225 2345 Cum
239 2287 329 2362 Lycio
342 2286 470 2355 Glauco3
491 2287 620 2343 discedet
632 2288 748 2362 pigrior,
762 2288 836 2345 ultro

34 2409 38 2418 .
80 2429 83 2438 1
149 2365 320 2423 Muneribus
333 2364 439 2441 missis)
455 2364 543 2421 Bruto
557 2373 675 2438 praetore
688 2375 804 2421 tenente

148 2443 247 2500 Ditem
260 2442 371 2512 Asiam,
386 2439 485 2516 Rupili
499 2452 528 2498 et
542 2439 621 2497 Persi
634 2459 684 2515 par
697 2451 814 2515 pugnat,
828 2446 869 2498 uti
883 2461 940 2499 non

149 2519 329 2595 Compositus
342 2517 444 2574 melitis
458 2537 525 2574 cum
538 2518 623 2575 Bitho
636 2519 795 2586 Bacchius3
816 2519 845 2575 in
856 2519 903 2594 jus

148 2599 242 2670 Acras
252 2607 431 2673 procurrunt,
445 2613 580 2672 magnum
593 2595 787 2670 spectaculum
800 2607 924 2669 uterque.

188 2674 301 2731 Persius
314 2673 428 2748 exponit
441 2691 566 2745 causam,
580 2674 687 2730 ridetur
700 2672 738 2730 ab
750 2674 839 2730 omni.

148 2752 318 2818 Conventu3
340 2750 437 2806 laudat
451 2751 580 2822 Brutum,
594 2751 746 2824 laudatque
759 2752 919 2818 cohortem;

149 2830 244 2886 Solem
260 2828 337 2884 Asiae
351 2827 471 2883 Brutum
485 2828 620 2902 appellat3
643 2828 793 2901 stellasque
807 2828 933 2884 salubres

149 2906 283 2982 Appellat
293 2905 424 2973 comites
438 2915 556 2978 excepto
570 2905 670 2978 Rege3
691 2905 801 2960 Canem
816 2906 904 2975 illurn,

148 2984 275 3041 Invisum
286 2981 417 3056 agricolis
431 2979 518 3050 sidus,
532 2981 659 3036 venisse:
680 2982 787 3051 urebat,

148 3061 269 3118 Flumen
283 3069 315 3116 ut
327 3059 478 3116 hibernum
492 3057 578 3114 fertur
592 3053 649 3131 qud
663 3077 725 3114 rara
737 3060 852 3114 securis.
870 3059 873 3065 ’

188 3137 268 3194 Tum
281 3135 473 3193 Praenestinus
486 3134 559 3192 salso
572 3133 748 3208 multumque
762 3134 860 3192 fluenti

147 3216 288 3290 Expressa
301 3214 414 3270 arbusto
427 3213 530 3288 regerit
544 3210 690 3280 convicia3
709 3213 797 3269 durus

146 3292 343 3350 Vindemiator
357 3301 385 3347 et
399 3291 529 3361 invictus,
544 3291 591 3349 cui
604 3288 680 3365 soepd
695 3291 783 3347 viator

147 3370 298 3438 Cessisset,
312 3368 415 3442 magud
426 3367 597 3442 compellans
608 3384 678 3424 voce
692 3369 833 3423 cuculum.
847 3366 850 3370 ’

186 3448 227 3506 At
240 3445 370 3516 thaeus,
383 3454 529 3520 postquam
544 3456 587 3501 est
601 3444 673 3501 Italo
685 3444 816 3518 perfusus
828 3456 919 3516 aceto,

146 3524 262 3583 Persius
277 3522 432 3579 exclamat:
454 3525 472 3552 “
488 3521 542 3578 Per
556 3540 683 3596 magnos,
698 3521 794 3592 Brute,
808 3523 877 3579 deos
890 3533 919 3578 te

145 3602 216 3673 Oro,
229 3599 278 3676 qui
292 3617 374 3674 reges
387 3597 533 3656 consueris
547 3599 655 3669 tollere,
668 3616 720 3654 cur
730 3617 789 3655 non

147 3679 236 3737 Hunc
257 3677 372 3752 Regem
390 3676 521 3752 jugulasl
547 3694 665 3751 operum
686 3676 751 3747 hoc,
773 3676 955 3746 mihicrede,
976 3687 1086 3736 tuorum

186 3756 257 3814 sst.”
1050 3757 1089 3811 35
