2550 4225
469 281 503 340 Q.
519 279 664 332 HORA'I'II
680 280 804 333 uhnccr

508 500 665 561 SATIRA
687 499 770 557 v111.

190 658 273 713 orm
286 668 403 714 truncus
417 676 494 714 eram
507 657 640 727 ficulnus,
653 657 752 713 inutile
765 657 885 731 lignum,

189 734 291 795 Quum
305 736 391 805 saber,
406 734 531 790 incertus
544 752 691 792 scamnum
705 733 847 790 faceretne
861 732 1002 807 Priapum,
1099 792 1104 800 ‚

192 810 294 869 Maluit
307 830 369 867 esse
382 812 475 867 deum.
510 810 590 867 Deus
604 808 672 867 iude
686 828 750 884 ego,
764 811 858 886 lurum
871 810 1019 881 aviumque
1038 873 1040 878 ¹

193 888 318 947 Maxima
332 888 465 945 formido:
486 906 552 944 narn
567 888 642 945 fures
655 888 754 944 dextra
767 891 891 957 coercet,

192 962 247 1021 Ast
260 967 433 1041 importunas
447 965 573 1022 volucres
587 966 617 1021 in
631 964 736 1045 uertice
749 964 858 1020 arundo

192 1042 296 1105 Terret
306 1043 371 1112 lixa,
386 1052 514 1115 vetatque
528 1042 607 1098 novis
620 1040 914 1101 cousidereiurbctlis

158 1140 165 1151 ·
193 1118 260 1177 Huc
273 1118 351 1194 priris
365 1120 492 1192 angustis
505 1119 596 1192 ejecta
610 1119 749 1175 cadavera
759 1118 841 1176 cellis

193 1196 352 1253 Conserrus
366 1196 413 1251 vili
426 1196 562 1269 portanda
575 1192 687 1252 locabat
699 1196 730 1252 iu
743 1196 818 1252 arcti.

193 1272 258 1329 Hoc
270 1274 379 1335 iusseras
392 1273 467 1347 plebi
482 1273 572 1329 stabat
585 1276 735 1352 Qmune
749 1271 919 1347 sepulcrum,

193 1350 346 1407 Pantolabo
360 1368 473 1421 scurrre,
488 1349 724 1423 Nomentanoque
737 1350 841 1424 nepoti.

192 1426 271 1483 Mille
284 1429 371 1503 pedes
382 1428 411 1483 in
427 1427 526 1498 fronte,
540 1437 681 1484 trecentos
691 1427 790 1502 cippus
803 1428 833 1483 in
847 1444 946 1502 ugrum

192 1502 250 1559 Hic
264 1505 364 1572 dabat;
386 1505 512 1561 haeredes
526 1515 740 1578 monumentum
754 1524 790 1561 ne
803 1513 972 1578 sequeretur.

192 1580 278 1637 Nunc
292 1582 359 1639 licet
373 1581 505 1655 Esquiliis
519 1583 645 1639 habitare
657 1582 825 1653 salubribus,
836 1592 919 1656 atque

193 1659 307 1734 Aggere
321 1660 351 1715 in
365 1660 460 1735 aprico
473 1661 595 1735 spatiari,
609 1679 666 1734 quo
678 1658 763 1717 ruodo
777 1660 886 1716 tristes·

193 1736 275 1793 Albis
289 1738 436 1795 informem
449 1739 615 1811 spectabant
627 1738 857 1812 ossibusagrurn.

192 1813 292 1873 Quum
305 1815 374 1871 mihi
388 1834 446 1871 non
460 1814 570 1872 tantum
584 1816 724 1889 furesque,
739 1814 860 1887 feraeque
873 1815 962 1869 suetae
1054 1824 1058 1829 '

192 1887 279 1946 Hunc
294 1910 393 1949 vexare
406 1892 510 1963 locum,
524 1910 600 1949 ourae
614 1904 681 1951 sunt
693 1904 778 1965 atque
789 1891 888 1963 labori,

191 1966 341 2027 Quantum
355 1969 527 2025 carminibus
540 1988 601 2043 quae
615 1981 727 2027 versant
741 1980 823 2043 atque
837 1967 954 2025 venenis

192 2042 339 2101 Humanas
353 2047 476 2103 animos:
498 2048 549 2103 has
562 2044 640 2104 nullo
652 2048 769 2122 perdere
782 2064 897 2121 possum

192 2119 257 2178 Nec
289 2124 416 2180 rohibere
431 2126 522 2196 modo,
538 2126 620 2180 simul
634 2143 669 2181 ac
682 2125 834 2200 rugulusu
845 2124 981 2180 decorum

191 2143 307 2256 Protulit
319 2220 360 2272 οε,
375 2202 443 2274 quin
456 2221 519 2258 ossa
532 2203 636 2277 legant,
651 2202 812 2275 herbasque-
817 2210 966 2258 nocentes.

230 2277 296 2334 Vidi
310 2290 422 2354 egomet
435 2280 517 2354 nigrai
530 2281 705 2338 succinctam
718 2280 820 2336 radere
833 2277 907 2355 palla

190 2354 351 2426 Canidiam,
365 2358 484 2431 pedibus
497 2357 582 2414 nudis
594 2355 732 2432 passoque
744 2357 857 2432 capil10,

131 2443 135 2454 “
190 2431 264 2488 Cum
280 2435 392 2508 Sagunti
407 2435 511 2510 majore
524 2435 699 2504 ululantem3
721 2435 809 2509 pallor
823 2445 953 2506 utrasque

190 2507 308 2568 Fecerat
323 2513 475 2570 horrendas
489 2523 612 2586 aspectu.
648 2513 783 2588 Scalpere
796 2522 898 2568 terram
1094 2508 1135 2566 Ἃ

190 2585 348 2661 UnguibuS,
363 2589 512 2663 etpullarn·
522 2586 812 2649 divelleremordicris
822 2604 938 2662 agnum.
1090 2589 1094 2594 ’

189 2661 360 2738 Coeperunt:
382 2684 464 2722 cruor
478 2668 507 2722 iu
523 2668 626 2723 fossam
640 2666 784 2736 confusus,
799 2676 830 2722 ut
845 2661 912 2720 inde
977 2690 980 2695 ·

191 2743 291 2798 Manes
305 2743 449 2812 elicerent,
464 2744 573 2806 animas
586 2761 720 2816 respousa
733 2744 856 2801 daturus.

191 2820 287 2876 Laueu
300 2831 328 2874 ct
341 2819 447 2894 effigies
461 2831 531 2890 crat,
546 2820 632 2876 altera
646 2838 747 2888 cereu3
768 2820 857 2894 major

190 2898 296 2975 Lapsa,
309 2915 371 2970 quae
385 2897 475 2971 poenis
489 2908 682 2971 compesceret
695 2897 864 2954 inferiorern.

190 2975 282 3032 Cerea
296 2975 457 3050 suppliciter
471 2975 570 3045 stabat,
584 2975 741 3046 servilibus,
755 2986 846 3049 utque.

125 3091 133 3103 κ
168 3107 174 3122 ,1
191 3053 255 3110 lam
269 3053 399 3127 peritura,
415 3053 512 3108 modis.
548 3053 680 3118 Hecaten
693 3064 773 3110 vocat
784 3053 875 3112 alteru
887 3069 999 3124 sevum,

192 3131 290 3187 Altera
304 3130 497 3204 Tisiphonen:
518 3141 662 3204 serpentes
676 3140 759 3204 atque
772 3130 883 3188 videres

192 3207 321 3265 Infernas
335 3226 427 3264 errare
441 3226 543 3276 cunes3
565 3208 717 3280 lunamque
726 3207 885 3280 rubentem,

85 3285 88 3290 ’
117 3287 122 3300 ’
191 3285 238 3342 Ne
252 3285 321 3341 foret
335 3285 378 3341 his
391 3287 479 3356 testis,
493 3295 554 3358 post
568 3303 672 3359 magua
684 3284 771 3344 latero
783 3287 921 3359 sepulcra.
1093 3287 1131 3344 :II

178 3359 315 3418 *Mentior
329 3373 356 3418 ut
370 3363 394 3418 si
407 3363 483 3435 quid,
498 3363 602 3419 merdis
615 3373 700 3437 caput
713 3363 843 3437 inquiner
856 3364 927 3421 albis

159 3467 164 3520 p
192 3440 363 3505 Corvorurn3
386 3451 467 3512 atque
482 3441 512 3496 in
523 3459 569 3495 me
582 3441 697 3497 veniant
711 3441 828 3498 mictum
842 3452 926 3515 atque
939 3454 1077 3510 cacanum
1124 3484 1127 3489 .

157 3553 161 3592 t
193 3517 286 3573 Julius
300 3526 328 3572 et
341 3517 446 3590 fragilis
460 3517 587 3574 Pediatia
601 3518 699 3591 furque
713 3518 853 3574 Voranus.

76 3647 78 3654 ,
128 3615 133 3630 «
158 3593 170 3666 'p
194 3593 313 3667 Singula
325 3593 392 3666 quid
406 3597 578 3650 memoreml
598 3613 654 3668 quo
666 3605 750 3669 pacto
760 3596 867 3653 alterna
879 3597 1040 3669 loquentes:

109 3679 130 3746 ζ
161 3671 170 3713 ⁸·
195 3669 306 3727 Umbrae
320 3688 387 3726 curn
399 3671 513 3744 sagrus
528 3671 687 3728 resonarint
699 3673 818 3729 tristeet
831 3683 964 3741 acuum

103 3789 107 3796 ,
175 3811 180 3829 ,
193 3744 285 3821 thue
299 3746 356 3820 lupi
372 3746 485 3804 barbam
500 3749 582 3803 varie
596 3766 662 3803 curu
675 3750 761 3805 dente
774 3748 897 3806 oolulure
