2550 4225
477 335 507 390 o.
526 334 670 382 nourrii
688 305 810 383 incer

311 480 378 537 Non
391 475 543 531 verberstae
557 474 696 549 grandine
710 474 815 541 vinee3

310 553 463 609 Fundusve
477 552 709 621 mendax,arbore
722 570 801 608 nuno
814 569 901 625 equus

349 629 500 704 Culpam,
515 646 593 683 nuno
606 628 741 683 torrentia
753 646 836 703 agros

389 706 498 774 Sidera,
512 723 590 761 nune
604 705 710 765 hiemes
723 705 842 778 iniquas.

310 784 465 840 Contracta
478 782 570 855 pisees
584 800 696 855 aequors
708 782 843 852 sentiunt,

311 860 329 915 J
331 860 402 916 sotis
415 860 444 915 in
458 858 546 915 eitum
559 859 698 914 molibus:
719 859 775 914 hue
789 859 920 932 frequens

351 937 497 992 Cementa
510 936 632 991 demittit
645 936 804 1011 redemptor

389 1013 463 1069 Cum
479 1012 599 1081 famulis,
610 1013 798 1087 dominusque
810 1024 892 1069 terrae
947 1070 959 1075 „

312 1090 502 1147 Fastidiosus:
525 1089 575 1144 sed
589 1088 689 1145 Timor
703 1100 732 1144 et
745 1088 834 1145 Mine
920 1160 929 1166 ·

312 1167 460 1223 Soandunt
473 1161 575 1221 eddern
589 1162 645 1238 qud
659 1166 807 1231 dominus3
828 1184 920 1238 neque

352 1240 473 1298 Decedit
487 1240 572 1297 erate
585 1241 703 1311 triremi,
716 1252 746 1297 et
803 1262 811 1269 ’

389 1318 456 1373 Post
466 1318 588 1391 equitem
603 1318 683 1374 sedet
696 1330 755 1376 atra
769 1318 853 1375 Cura.

310 1392 400 1456 Quod
414 1395 438 1450 si
451 1395 592 1451 dolentem
606 1413 662 1451 neo
675 1395 813 1471 Phrygius
825 1396 905 1470 lupis,

210 1505 214 1513 ι
312 1472 376 1528 Nee
389 1490 575 1547 purpurarum
588 1472 680 1528 sidere
694 1472 793 1529 clarior

328 1562 335 1585 ³
350 1548 466 1605 Delenit
478 1568 556 1619 usuS,
570 1568 624 1606 nee
638 1548 761 1606 Falerna

389 1626 474 1697 Vitis,
489 1627 741 1685 thaemeniumve
754 1638 880 1694 oostum3

311 1704 371 1759 Cur
385 1704 544 1775 invidendis
557 1705 684 1778 postibus
696 1715 726 1760 et
738 1723 810 1762 novo

312 1779 440 1835 Sublime
454 1781 508 1836 ritu
522 1781 620 1835 molier
634 1782 755 1838 atrium?

351 1856 411 1913 Cur
424 1856 496 1911 velle
509 1866 665 1929 permutem
680 1857 787 1913 Sebini

391 1932 509 1989 Divitias
522 1933 714 2006 operosioresd

497 2157 791 2168 n—

575 2339 659 2396 ODE
679 2339 718 2396 11.

313 2479 484 2534 Anousrniu
492 2476 589 2544 amice
604 2477 766 2552 pauperiem
779 2478 837 2552 peti
917 2513 929 2546 .-

312 2554 458 2612 Robustus
472 2554 531 2610 seri
544 2555 645 2610 militis
657 2573 727 2628 puer

351 2631 508 2688 condiscat
519 2651 525 2698 ;
546 2642 575 2687 et
588 2631 706 2686 Parthos
720 2630 828 2686 ferooes

390 2707 482 2762 Vexet
494 2725 580 2778 eques
593 2706 763 2760 metuendus
776 2705 873 2760 hostii:

312 2785 462 2855 Vitamque
477 2782 529 2838 sub
543 2782 606 2837 divo
620 2792 649 2836 et
662 2781 779 2854 trepidis
792 2791 857 2856 ngat

312 2861 347 2916 In
360 2860 452 2915 rebus.
487 2857 572 2913 Illum
585 2877 621 2914 ex
635 2857 776 2914 moenibus
789 2859 905 2916 hosticis

352 2936 483 2993 Matrona
496 2935 625 2991 bellantis
638 2936 748 3008 tyranni

390 3013 579 3088 ProspicienS,
593 3024 625 3070 et
634 3013 732 3070 adulte
745 3014 832 3090 virgo,

312 3093 456 3168 Suspiret:
478 3089 601 3150 “Eheu!
624 3110 661 3147 ne
675 3091 754 3146 rudis
767 3095 912 3167 agminum

313 3171 440 3244 Sponsus
453 3169 575 3224 incessat
588 3170 683 3242 regius
695 3187 826 3242 asperum

353 3247 447 3304 Tnotu
461 3247 582 3316 leonem,
596 3263 680 3318 quem
695 3256 813 3301 cruente

391 3325 445 3381 Per
458 3325 566 3380 medies
579 3322 652 3397 rapit
665 3323 707 3378 irs
720 3323 840 3380 oaedes.'’

312 3402 405 3463 Dulce
419 3413 448 3458 et
461 3403 596 3458 decorum
609 3412 653 3457 est
665 3420 716 3475 pro
728 3401 819 3474 putrid
832 3402 919 3458 mori·

246 3487 254 3499 ⁸
314 3479 393 3537 Mors
406 3491 435 3536 et
449 3480 579 3554 fugacem
593 3478 769 3552 persequitur
782 3478 882 3548 virum,

353 3557 417 3612 Neo
430 3558 520 3630 paruit
533 3555 655 3612 imbellis
665 3555 789 3628 juventae

392 3633 549 3708 Poplitibus
559 3634 692 3689 timidove
705 3642 792 3708 tergo.

220 3761 227 3768 ,
314 3711 421 3780 Virtus,
435 3711 552 3786 repulsae
566 3711 664 3767 nescia
677 3711 806 3782 sordidae,

315 3787 493 3843 Inteminatis
507 3788 595 3862 fulget
609 3788 778 3860 honoribus:
