2550 4225
500 310 815 361 ornumornum.
853 354 865 374 ,

555 529 638 587 ODE
659 532 757 588 XXX.
783 617 787 622 ‚

489 665 529 702 AD
540 664 673 701 PLOTIUM
687 664 836 703 Nurum.

447 760 492 816 En
505 761 587 816 thure
601 771 630 815 et
642 761 745 817 fidibus
756 762 834 835 juvat

331 840 448 897 Placere
468 849 497 893 et
510 838 589 893 vituli
603 838 741 912 sanguine
755 837 850 893 debito

448 914 587 969 Custodes
601 914 733 971 Numidae
747 916 826 983 deos,

331 993 394 1052 Qui
407 1010 485 1047 nuno
500 991 638 1065 Hesperid
652 1011 746 1065 sospes
760 993 796 1047 ub
809 992 908 1047 ultimi

450 1068 531 1122 Caris
544 1069 631 1123 multa
645 1070 795 1140 sodalibus,

333 1145 412 1201 Nulli
426 1145 505 1219 plura
517 1146 724 1216 tamen,dividit
736 1146 843 1217 osenla,

448 1220 546 1281 Quum
561 1222 635 1277 dulei
650 1224 774 1291 Lamiae3
795 1240 902 1279 memor

336 1302 416 1355 Aotae
429 1318 486 1354 non
500 1299 554 1355 ulio
567 1318 633 1373 roge
647 1303 774 1373 puertiae,

450 1374 622 1449 Mutntoeque
636 1378 718 1433 simul
733 1389 814 1451 togae.

334 1454 435 1509 Cressd
450 1472 486 1507 ne
500 1464 594 1508 curent
607 1455 725 1526 pulchra
737 1456 799 1508 dies
812 1454 895 1520 notin

449 1527 516 1584 Neu
530 1541 664 1601 promptis
678 1532 778 1585 modus
792 1531 950 1602 amphoris:

335 1606 400 1681 Neu
415 1623 520 1661 morem
534 1605 564 1659 in
579 1605 686 1660 Salism
700 1606 735 1660 sit
748 1607 858 1677 requies
868 1605 987 1677 pedum:

453 1681 519 1736 Neu
533 1681 612 1736 multi
627 1681 754 1736 Damalis
768 1683 837 1736 meri

335 1761 451 1833 Bassum
466 1758 603 1813 Threicii
619 1759 712 1815 vineat
725 1759 877 1831 amystide:

450 1834 516 1890 Neu
531 1836 623 1891 desint
636 1836 726 1909 epulis
739 1854 820 1906 rosae,

336 1912 401 1969 Neu
415 1912 494 1967 vivax
507 1912 611 1985 apium,
626 1931 682 1967 neu
693 1912 776 1967 breve
790 1912 887 1968 lilium.

558 2225 642 2283 ODE
661 2225 777 2282 XXXI,

578 2362 617 2408 nn
631 2362 769 2400 sonnnss.

358 2456 447 2514 Nune
459 2466 502 2511 est
515 2457 678 2528 bibendum,
693 2475 771 2513 nune
784 2459 855 2532 pede
867 2457 956 2514 libero

301 2567 304 2574 Δ
359 2533 501 2591 Pulsanda
514 2534 611 2602 tellus;
632 2544 711 2590 nunc
725 2534 879 2591 Saliaribus

404 2609 514 2666 Ornsre
527 2611 655 2684 pulvinar
669 2612 785 2667 deorum

434 2686 562 2761 Tempus
574 2698 634 2744 erat
647 2688 775 2762 dapibus,
789 2689 905 2744 sodales.

359 2765 489 2821 Antehac
503 2765 581 2820 nefus
594 2767 757 2840 depromere
770 2765 925 2822 Cseubum

359 2841 446 2897 Cellis
459 2842 549 2909 avitis,
563 2842 631 2896 dum
645 2842 785 2916 Capitolio

396 2918 511 2988 Regina
525 2917 670 2972 dementes
683 2919 787 2986 ruinas,

437 2991 536 3047 Funus
548 3002 577 3048 et
588 2993 704 3065 imperio
717 2995 842 3067 parabat,

360 3070 559 3128 Contaminsto
572 3087 637 3124 cnm
651 3087 736 3144 grege
750 3070 872 3144 turpium

359 3148 460 3206 Morbo
473 3147 603 3216 virorum,
616 3145 753 3220 quidlibet
766 3147 904 3219 impotens

400 3225 528 3298 sperare,
543 3224 709 3296 fortunrique
723 3223 803 3282 dulei

437 3301 530 3357 Ebria.
573 3302 629 3357 Sed
643 3301 745 3357 minuit
759 3300 879 3355 furorem

362 3379 418 3434 Vix
431 3397 488 3434 une
502 3397 597 3452 sospes
611 3378 689 3434 navis
703 3378 738 3432 ab
752 3376 882 3452 ignibus:

362 3456 543 3528 Mentemque
557 3455 728 3530 lymphatam
742 3453 897 3510 Mareotico

400 3532 565 3607 Redegitin
581 3551 662 3588 veros
674 3533 789 3588 timores

442 3610 547 3679 Ooesur,
561 3611 596 3666 ab
609 3609 693 3664 Italit
708 3609 845 3665 volantem

364 3687 465 3743 Remis
479 3688 629 3761 adurgens,
645 3686 777 3759 aecipite-r
792 3680 866 3739 velut
950 3702 961 3722 ·

363 3763 464 3820 Molles
478 3763 630 3834 eolumbaS,
646 3775 693 3819 aut
706 3764 833 3838 leporem,
842 3761 916 3816 citus
