2550 4225
401 290 658 339 EPISTOLARUM
663 294 727 341 LlB.
746 295 766 341 Ι.
783 296 821 341 20

155 429 236 487 Hinc
250 428 305 485 illae
319 429 458 518 lacrymae.
502 433 605 506 Spissis
619 434 737 508 indigna
749 434 865 490 theatris

157 506 270 581 Scripta
282 508 370 613 ppdet
383 509 510 579 recitare,
525 520 554 565 et
567 511 651 584 nugis
665 512 768 566 addere
782 513 902 599 pondus

157 585 189 641 Si
203 584 303 641 dixi2‘
307 584 444 653 ‘Ridesss’
459 586 529 655 ait‚‘
533 591 580 643 ‘et
594 587 673 643 Jovis
686 588 825 643 auribus
818 599 872 645 ista

157 663 274 718 Servas:
296 660 360 717 fidis
373 663 449 717 enim
464 680 578 720 manare
592 666 706 737 poetica
719 666 802 721 mella

155 738 202 795 Te
216 739 318 808 solum,
332 737 383 794 tibi
396 740 541 813 pulcher.''
583 742 630 797 Ad
646 743 708 797 hmo
721 761 775 816 ego
788 742 905 798 naribus
918 744 959 799 uti

156 815 306 872 Formido:
328 826 365 882 et,
380 816 512 871 luctantis
526 828 608 874 acuto
622 838 659 874 ne
673 838 753 874 secer
767 820 868 893 ungui,

157 892 344 967 “Displicet
338 904 390 949 iste
402 892 508 964 locus,’'
524 896 625 966 clamo,
640 907 669 953 et
658 897 790 953 tdiludia
802 914 896 985 posco.

155 970 255 1027 Ludus
268 968 345 1025 enim
356 970 458 1064 genuit
471 940 625 1046 tiepidum
626 985 770 1030 certamen
783 985 812 1030 et
826 974 905 1044 uam,

156 1047 202 1103 Ira
215 1058 310 1104 truces
324 1047 487 1104 inimicitias
501 1060 529 1105 et
544 1051 662 1108 funebre
676 1052 789 1107 bellum.

465 1237 750 1245 *ᾐ-

465 1357 666 1414 EPISTOLA
687 1358 755 1414 XX.

326 1463 334 1524 i
392 1530 394 1535 .
465 1494 504 1529 nn
525 1494 639 1532 tranum
660 1495 747 1531 suum.

156 1592 356 1649 Vennonianis
371 1590 541 1663 Janumque‚
556 1590 636 1661 liber,
652 1601 779 1664 spectare
793 1594 895 1651 videris
903 1614 910 1661 ;

157 1670 275 1728 Scilicet
290 1679 321 1725 ut
333 1678 442 1742 prostes
456 1668 601 1723 Sosiorum
615 1669 729 1741 pumice
743 1671 873 1725 muudus.
900 1683 905 1691 '

156 1746 250 1803 Odisti
264 1746 358 1801 claves
370 1754 400 1800 et
412 1754 492 1818 grata
506 1744 598 1819 sigilla
610 1745 731 1818 pudico:

156 1823 260 1881 Paucis
273 1822 383 1879 ostendi
397 1822 497 1897 gemm,
512 1834 540 1879 et
554 1823 717 1879 communia
729 1823 837 1894 laudas,

156 1901 224 1958 Non
240 1900 279 1956 ita
292 1899 421 1956 nutritus.
463 1899 544 1973 Fuge
558 1897 613 1973 qud
629 1900 803 1957 descendere
816 1902 918 1975 gestis:

156 1978 223 2035 Non
238 1977 292 2033 erit
304 1976 408 2033 emisso
420 1976 528 2041 reditus
541 1977 600 2033 tibi.
643 1977 750 2037 “Quid
765 1979 849 2035 miser
862 1979 929 2054 egil
1022 1972 1024 1976 ¹

154 2055 237 2118 Quid
251 2054 324 2111 volui
336 2054 365 2111 l''
381 2054 468 2126 dices,
482 2054 530 2112 ubi
544 2055 611 2128 qnid
625 2064 653 2111 te
667 2055 770 2113 laeserit
784 2076 791 2125 ;
827 2067 858 2114 et
870 2058 926 2114 sois

155 2134 190 2190 In
205 2135 288 2190 breve
302 2143 330 2189 te
344 2131 417 2206 cogi,
430 2133 531 2206 plenus
544 2151 631 2206 quum
645 2128 760 2207 languet
773 2145 887 2191 amator.

153 2209 244 2273 Quod
258 2210 282 2266 si
296 2228 353 2265 non
366 2208 432 2265 odio
446 2211 591 2283 peccantis
604 2210 706 2284 desipit
719 2229 818 2284 augur,

155 2289 247 2345 (larus
260 2286 316 2342 eris
329 2287 440 2356 Roma,
455 2289 546 2342 donec
560 2296 587 2341 te
601 2287 716 2341 deserat
726 2299 800 2342 aetas

155 2366 353 2422 Contrectatus
367 2363 415 2418 ubi
429 2331 559 2420 inanibus
573 2363 734 2418 sordescere
748 2363 824 2436 vulgi

154 2441 292 2518 Goeperis,
306 2451 355 2498 aut
367 2441 458 2497 tineas
471 2459 570 2526 pasces
584 2439 741 2494 taciturnus
755 2440 868 2510 inertes,

155 2521 217 2576 Aut
230 2519 323 2592 fugies
337 2518 463 2587 Uticam,
478 2527 526 2572 aut
540 2516 617 2572 vinot
620 2534 651 2570 us
665 2517 782 2572 mitteris
796 2485 926 2573 Ilerdam

154 2596 274 2653 Ridebit
286 2595 405 2652 monitor
420 2613 477 2664 non
492 2594 658 2660 exauditus3
680 2604 711 2648 ut
724 2593 769 2649 ille

152 2673 216 2734 Qui
230 2671 304 2728 male
317 2681 463 2760 parentem
478 2672 508 2727 in
522 2690 604 2745 rupes
618 2671 751 2744 protrusit
764 2670 880 2726 asellum
1058 2675 1094 2728 15

154 2749 264 2807 Iratus:
284 2750 347 2824 quis
361 2749 438 2806 enim
452 2748 570 2804 invitum
584 2767 695 2804 servare
709 2749 835 2805 laboretl

154 2827 220 2884 Hoc
232 2845 343 2902 quoque
356 2837 383 2882 te
397 2837 503 2896 manet,
518 2836 548 2882 ut
560 2845 663 2900 pueros
676 2827 816 2882 elementa
828 2827 977 2883 docentem

153 2905 287 2978 Occupet
300 2903 431 2960 extremis
445 2903 474 2958 in
489 2903 557 2958 vicis
571 2903 654 2958 balba
667 2915 807 2960 senectus.

152 2981 255 3043 Quum
268 2981 319 3036 tibi
333 2980 374 3036 sol
388 2980 499 3054 tepidus
513 2980 607 3052 plures
620 2980 774 3035 admoverit
786 2998 878 3050 aures,

154 3058 205 3115 Me
217 3058 349 3114 libertino
363 3068 461 3114 natum
474 3067 562 3131 patre,
577 3067 606 3112 et
619 3056 649 3114 in
663 3057 741 3111 tenui
755 3075 786 3111 re
909 3074 913 3082 ’
1055 3057 1094 3112 20

153 3134 278 3209 Majores
290 3153 398 3208 pennas
412 3135 479 3191 nido
493 3133 654 3190 extendisse
656 3133 815 3206 ,loqueris;

153 3212 192 3269 Ut
194 3222 352 3300 ,quantum
365 3230 463 3288 generi
456 3211 583 3282 Qdemas
598 3210 747 3266 virtutibus
760 3211 862 3266 addas:

153 3288 204 3345 Me
218 3288 317 3363 primis
330 3287 415 3344 Urbis
429 3287 495 3344 belli
509 3255 650 3362 placuisse
664 3287 805 3366 domique,

153 3365 286 3441 Corporis
299 3366 394 3440 exigui
397 3383 591 3440 Mpraecanum
605 3361 710 3421 solibus
724 3375 829 3438 aptum,

154 3441 242 3499 Irasci
256 3442 389 3513 celerem,
403 3453 498 3498 tamen
512 3453 543 3498 ut
555 3441 703 3516 placabilis
715 3459 815 3497 essem

154 3517 240 3577 Forte
254 3537 351 3576 meum
365 3519 389 3575 si
401 3519 466 3594 quis
479 3530 507 3575 te
521 3518 732 3594 percontabitur
745 3534 845 3588 aevum,

154 3595 203 3654 Me
217 3607 316 3671 quater
329 3597 459 3653 undenos
472 3597 544 3653 sciat
556 3596 715 3670 implevisse
729 3563 912 3665 Decemlires‚

155 3673 302 3749 collegam
315 3673 456 3747 Lepidum
470 3693 525 3747 quo
539 3673 619 3730 duxit
632 3671 740 3729 Lollius
752 3689 835 3729 anno
