2550 4225
120 264 177 321 190
260 219 262 224 ¹
439 258 470 312 Q.
488 256 633 305 noman
650 232 822 305 amccr'
920 226 925 233 ’

154 399 230 469 Nec,
243 397 430 473 quodcunque
444 398 527 469 volet,
537 407 635 471 poscat
648 396 701 454 sibi
715 396 809 452 fabula
821 397 915 466 credi;

154 475 222 531 Neu
236 494 344 549 pransae
359 474 465 535 Lamiae
479 475 572 530 vivum
585 492 704 562 puerum
717 474 844 529 extrahat
853 474 922 531 alvo.

154 552 299 609 Centuriae
312 552 454 607 seniorum
468 552 574 626 agitant
587 550 715 625 expertia
728 550 830 623 frugis;

155 629 233 685 Celsi
245 638 415 704 pretereunt
424 639 536 684 austera
541 632 681 715 poemata
694 627 855 683 Rhamnes.
898 641 904 656 ·

155 706 250 761 Omne
264 706 327 762 tulit
339 716 487 779 punctum,
501 705 548 778 qui
562 705 676 760 miscuit
690 704 757 760 utile
768 704 854 774 dulci,

155 782 303 839 Lectorem
318 783 485 839 delectando
498 783 656 855 pariterque
667 782 817 838 monendo.

155 859 214 914 Hic
228 870 317 915 meret
329 878 385 915 aera
397 859 468 914 liber
480 858 586 927 Sosiis3
608 859 655 914 hic
669 869 698 915 et
711 878 788 915 mare
802 860 910 929 transit,
946 924 949 928 ,

156 935 194 991 Et
206 937 321 1010 longum
336 945 403 991 noto
416 936 543 1010 scriptori
556 947 687 1009 prorogat
700 954 798 991 aevum.

119 1039 123 1045 ·
195 1014 269 1068 Sunt
282 1012 386 1068 delicta
399 1023 494 1068 tamen
508 1013 609 1084 quibus
622 1013 763 1085 ignovisse
778 1014 912 1069 velimus:

87 1096 92 1106 '
155 1088 232 1146 Nam
247 1109 339 1163 neque
353 1090 458 1146 chorda
471 1108 572 1145 sonum
585 1090 679 1146 reddit
689 1108 772 1162 quem
786 1092 845 1148 vult
855 1109 955 1147 manus
968 1102 997 1147 et
1010 1108 1102 1163 mens,

156 1167 343 1240 Poscentiquc
355 1185 468 1240 gravem
482 1164 607 1239 persepe
621 1166 739 1223 remittit
752 1178 884 1236 acutum;

156 1243 221 1300 Nec
235 1262 343 1318 semper
357 1243 438 1298 feriet
450 1244 638 1317 quodcunque
653 1244 806 1300 minabitur
820 1263 910 1301 arcus.
1042 1247 1103 1302 350

157 1319 275 1391 Verum,
290 1321 337 1376 ubi
347 1320 428 1394 plura
440 1321 573 1377 nitentia
588 1321 724 1390 carmine,
738 1341 796 1378 non
810 1340 864 1396 ego
877 1323 975 1395 paucis

155 1396 292 1453 Offendar
305 1398 433 1468 maculis,
451 1416 520 1471 quas
533 1408 581 1453 aut
591 1398 701 1455 incuria
715 1398 796 1468 fudit,

156 1474 217 1530 Aut
230 1476 354 1531 humana
365 1493 463 1549 parum
479 1475 553 1531 cavit
565 1476 795 1536 natura-Quid
809 1494 877 1551 ergo
889 1488 932 1533 est
939 1479 990 1539 l·-

155 1551 194 1608 Ut
207 1552 324 1627 scriptor
337 1552 362 1608 si
374 1563 475 1626 peccat
487 1554 563 1609 idem
576 1553 706 1609 librarius
719 1572 817 1627 usque,

154 1630 295 1691 Quamvis
308 1641 352 1686 est
365 1632 497 1701 monitus,
512 1630 595 1687 venial
608 1642 701 1699 caret;
723 1642 751 1687 et
764 1632 935 1689 citharoedus
1021 1646 1024 1649 ·
1041 1634 1102 1690 355

155 1707 289 1778 Ridetur,
303 1709 409 1764 chorda
422 1707 470 1781 qui
484 1727 594 1783 semper
607 1709 719 1765 oberrat
731 1708 849 1765 eddam:

156 1785 207 1842 Sic
219 1786 299 1857 mihi,
311 1786 360 1859 qui
373 1784 494 1842 multirm
508 1795 609 1856 cessat,
623 1786 655 1841 fit
668 1786 810 1843 Choerilus
824 1786 881 1857 ille,

154 1862 253 1923 Quem
267 1864 310 1919 bis
323 1873 419 1936 terque
434 1863 538 1919 bonnm
552 1882 618 1918 cum
631 1863 690 1918 risu
704 1864 805 1932 miror;
827 1876 855 1921 et
868 1864 943 1921 idem
989 1912 993 1917 .

155 1938 301 2034 indignor,
314 1940 482 2014 quandoque
494 1941 584 1997 bonus
598 1940 730 1997 dormitat
744 1908 894 1998 Hoinerus.

154 2015 263 2080 Verum
276 2037 354 2097 opert
347 2018 455 2112 longo
466 2018 508 2078 tas
520 2028 564 2077 est
575 2018 711 2094 obrepere
724 2039 863 2077 somnum.
1042 2022 1102 2079 ³60

193 2099 232 2157 Ut
244 2100 364 2176 pictura,
375 2099 488 2193 poesis3
509 2099 563 2158 erit
574 2117 647 2173 quae,
662 2097 685 2153 si
698 2094 814 2173 propius
827 2109 893 2170 stes,

155 2179 201 2235 Te
214 2179 308 2252 capiet
320 2175 420 2251 magis,
435 2189 464 2234 et
477 2179 653 2251 quaedamst
645 2176 779 2251 longius
790 2177 890 2234 abstes

112 2269 115 2281 ¹
155 2255 228 2312 Hoec
242 2266 316 2312 amat
329 2256 497 2323 obscurum
518 2256 591 2312 volet
604 2255 666 2310 haec
680 2255 733 2310 sub
745 2254 810 2310 luce
821 2254 918 2325 videri,

133 2359 138 2369 ›
156 2331 267 2388 Judicis
280 2344 410 2407 argutum
423 2352 486 2406 quae
499 2353 557 2390 non
571 2332 702 2390 formidat
715 2351 853 2388 acumen:
997 2333 1001 2338 “

155 2409 229 2466 Haec
242 2410 348 2485 placuit
360 2412 457 2481 semel,
472 2412 534 2466 haeo
547 2410 643 2467 decies
657 2410 774 2484 repetita
787 2409 916 2484 placebit
1044 2412 1103 2468 365

194 2487 222 2542 O
237 2487 324 2560 major
335 2487 483 2561 juvenum,
496 2486 623 2561 quamvis
635 2498 671 2544 et
678 2505 747 2543 vnce
760 2489 879 2560 paterna

155 2560 286 2638 Fingeris
300 2565 336 2619 ad
349 2576 468 2635 rectum,
482 2575 511 2619 et
520 2584 570 2640 per
584 2576 612 2620 te
625 2565 709 2639 sapis,
725 2566 778 2622 hoc
792 2565 842 2621 tibi
856 2565 967 2622 dictum

154 2640 240 2698 Tolle
254 2660 379 2698 memor:
400 2643 485 2698 certis
498 2641 624 2698 medium
636 2652 666 2697 ct
679 2641 822 2698 tolerabile
836 2643 919 2698 rebus

155 2716 250 2775 Recte
264 2719 391 2774 concedi.
432 2719 608 2775 Consultus
597 2719 678 2793 juria
692 2729 721 2774 et
734 2729 811 2774 actor

156 2796 313 2854 Causarum
328 2796 487 2866 mediocris,
502 2797 581 2852 abest
595 2796 695 2854 virtute
709 2795 806 2852 diserti
1042 2801 1102 2857 370

155 2873 295 2944 Messala,
302 2891 364 2928 nec
377 2872 431 2928 scit
443 2870 580 2946 quantum
593 2872 749 2929 Cascellius
764 2873 873 2943 Aulus,

156 2953 214 3007 Sed
227 2962 322 3007 tamen
336 2951 366 3007 in
379 2951 469 3026 pretio
482 2962 541 3007 cst
562 2951 752 3007 mediocribus
765 2970 827 3007 esse
840 2953 932 3026 poetis

156 3027 223 3084 Non
237 3029 376 3099 homines,
390 3047 448 3085 non
461 3027 502 3099 di,
516 3048 573 3085 non
587 3047 755 3086 concessere
769 3030 916 3088 columne.

154 3105 195 3161 Ut
207 3117 301 3180 gratas
315 3106 387 3162 inter
401 3125 513 3162 mensas
526 3105 692 3179 symphonia
702 3106 819 3176 discors,

155 3182 327 3239 Etorassum
341 3195 529 3257 unguentum,
540 3195 569 3239 ct
582 3183 672 3238 Sardo
686 3201 752 3238 curn
765 3152 849 3240 melle
860 3203 980 3260 papaver
1041 3187 1102 3244 375

154 3259 314 3318 Offendunt
316 3271 446 3334 ‚poterat
459 3262 525 3317 duci
539 3261 605 3334 quia
618 3278 701 3316 coena
714 3260 774 3316 sine
789 3262 864 3329 istis3

155 3337 207 3393 Sic
220 3339 322 3393 animis
335 3350 432 3395 natum
447 3338 647 3411 inventumque
661 3341 763 3411 poema
774 3338 914 3427 juvandis,

156 3415 189 3471 Si
201 3412 317 3488 paulum
332 3435 349 3470 a
361 3434 471 3473 summo
484 3416 623 3484 discessit,
639 3415 727 3488 vergit
740 3417 797 3470 ad
789 3435 886 3472 rmum.

195 3491 307 3548 Ludere
320 3493 368 3566 qui
381 3493 482 3562 nescit,
496 3493 700 3566 campestribus
713 3491 834 3548 abstinet
849 3493 942 3564 armis,

156 3568 347 3641 Indoctusque
361 3570 425 3643 pilae
438 3570 544 3625 discive
557 3570 682 3626 trochive
696 3568 823 3641 quiescit,
1042 3571 1102 3630 38)

157 3644 203 3701 Ne
218 3645 314 3720 spissae
324 3645 411 3700 risum
424 3646 523 3702 tollant
536 3643 652 3721 impune
666 3663 793 3717 coronas:
