2550 4225
430 263 632 336 staminum
650 287 713 335 mn.
731 289 766 336 11.
783 284 822 336 n'

166 422 321 483 Miscueris
333 424 416 494 elixa,
430 426 513 483 simul
528 426 677 499 conchylis
688 428 792 494 midis3

167 502 273 559 Dulcia
286 520 316 558 se
330 502 360 557 iu
374 501 459 558 bilem
473 512 590 572 vertent,
604 504 803 575 stomachoque
815 504 969 562 tumultum

167 579 261 635 lenta
275 577 345 634 feret
356 578 464 651 pituita.
499 578 588 634 Vides
602 588 633 634 ut
646 579 768 651 pallidus
779 579 870 635 omnis
1064 580 1103 633 75

165 655 259 711 Coenti
271 656 405 728 desurgat
418 655 526 710 dubitt
557 655 638 715 Quin
653 673 755 729 corpus
768 669 899 714 onustum

167 731 316 788 Hesternis
330 731 402 786 vitiis
415 731 540 787 animum
554 750 664 804 quoque
676 742 830 806 praegravat
842 734 910 801 unit,

168 812 261 882 Atque
275 807 374 881 affligit
385 808 475 863 humo.
485 808 587 863 divine
600 808 767 882 particulam
780 824 877 867 sure:

113 921 117 930 ·
168 886 259 955 Alter,
274 884 322 941 ubi
336 884 413 939 dicto
426 881 510 941 citiirs
524 896 620 941 curata
634 886 725 962 sopori

169 961 299 1018 Membra
313 960 400 1031 dedit,
415 956 705 1035 vege'tusqiraescripta
717 964 753 1017 ad
767 964 865 1019 munia
878 963 974 1036 surgit.
1065 962 1104 1017 80

168 1038 226 1094 Hic
240 1048 336 1095 tamen
350 1037 386 1092 ad
399 1037 500 1093 melius
512 1038 613 1111 poterit
626 1048 816 1094 transcurrere
829 1040 988 1113 quondam:

170 1117 236 1172 Sive
250 1115 327 1171 diem
339 1114 439 1169 festum
453 1114 564 1170 rediens
578 1114 726 1169 adduxerit
738 1132 844 1182 annus3

169 1194 228 1248 Seu
241 1209 369 1248 recreare
385 1191 456 1246 volet
468 1200 615 1247 tenuatum
628 1210 745 1265 corpus3
767 1190 870 1265 ubique

170 1269 320 1325 Accedent
334 1268 410 1336 anui,
425 1277 453 1323 et
466 1269 579 1323 tractari
593 1266 705 1325 mollius
719 1278 786 1323 aetas

169 1344 316 1401 Imbecilla
331 1344 410 1400 volet.
437 1343 504 1399 Tibi
518 1345 653 1417 quidnam
666 1345 784 1401 accedet
796 1346 832 1400 ad
847 1345 928 1403 istam
1067 1345 1106 1400 85

167 1422 267 1483 Quam
281 1440 350 1496 puer
364 1432 392 1476 et
405 1420 512 1476 validus
525 1422 671 1495 praesumis
684 1421 837 1491 mollitiem,
851 1440 901 1478 seu

169 1499 250 1555 Dura
263 1498 391 1553 valetudo
405 1497 543 1568 inciderit,
558 1516 607 1553 seu
621 1497 700 1553 tarda
713 1500 863 1554 senectusi

210 1575 374 1632 Rancidum
389 1592 487 1648 aprum
502 1574 608 1646 antiqui
622 1574 792 1629 laudabant:
814 1593 871 1631 non
885 1576 950 1647 quia
962 1592 1049 1631 nasus

170 1652 232 1709 Illis
245 1652 339 1708 nullus
349 1662 418 1720 erat,
433 1652 493 1719 sed,
507 1650 601 1721 credo,
617 1651 672 1705 hirc
685 1660 789 1719 mente,
802 1647 878 1723 qudd
889 1653 990 1725 hospes

169 1728 297 1785 Terdids
310 1728 462 1784 adveniens
476 1727 602 1783 vitiatum
616 1724 801 1796 commodius,
815 1725 899 1799 quarn
1067 1728 1108 1785 90

169 1806 318 1881 Integrum
328 1806 399 1861 edax
412 1804 553 1875 dominus,
567 1815 753 1861 consumeret.
790 1804 850 1859 Hos
864 1805 969 1861 utinam
984 1805 1056 1861 inter

170 1884 281 1941 Heroas
295 1894 391 1939 natum
401 1881 483 1939 tellus
497 1900 541 1939 me
555 1881 646 1957 prima
658 1882 782 1937 tulisset!

209 1960 269 2016 Das
283 1960 386 2033 aliquid
400 1958 489 2029 fame,
503 1975 565 2031 quae
579 1959 704 2015 carmine
717 1959 819 2032 gratior
833 1976 928 2015 aurern

169 2036 303 2112 Occupat
316 2036 486 2091 humanam?
519 2036 648 2093 Grandes
662 2036 771 2092 rhombi
784 2036 941 2109 patinaeque

171 2115 291 2182 Grande
304 2115 397 2169 ferunt
410 2114 468 2168 uni
481 2132 548 2170 cum
561 2114 666 2169 damno
678 2114 818 2169 dedecus:
839 2115 911 2169 adde
1067 2114 1107 2169 95

12 2247 14 2272 ‚
109 2249 114 2264 ,
169 2193 279 2248 Iratum
292 2203 431 2266 patruum,
446 2191 561 2262 vicinos,
576 2202 603 2246 te
617 2191 670 2247 tibi
683 2192 819 2264 iniquum,

172 2269 210 2326 Et
225 2267 327 2325 frustrd
343 2268 437 2322 mortis
451 2267 594 2340 cupidum,
608 2285 694 2339 quum
705 2269 794 2323 deerit
807 2268 901 2340 egenti

171 2347 224 2417 As,
238 2346 329 2419 laquei
343 2345 469 2418 pretium.
506 2347 523 2371 “
536 2342 554 2396 J
556 2345 632 2412 ure,'’
648 2344 747 2417 inquit,
770 2349 786 2373 “
799 2342 945 2398 Transius'
951 2343 1010 2398 istis

171 2423 308 2498 surgatur
322 2422 427 2477 verbis:
449 2439 502 2494 ego
516 2419 664 2494 vectigalia
677 2438 780 2492 magna

172 2500 347 2573 Divitiasque
360 2497 450 2553 habeo
463 2497 551 2552 tribus
566 2497 672 2571 amplas
686 2496 826 2569 regibus”
856 2494 941 2568 Ergo,
1054 2496 1109 2550 100

170 2577 260 2638 Quod
275 2585 395 2650 superat,
410 2593 465 2632 non
480 2584 522 2630 est
536 2571 637 2630 melitis
651 2592 706 2646 quo
720 2574 863 2629 insumere
876 2573 985 2645 possist

172 2653 234 2710 Gur
247 2664 311 2728 eget
324 2651 457 2724 indignus
470 2650 626 2725 quisquam,
638 2661 666 2706 te
680 2651 783 2707 divite?
816 2649 916 2710 Quare

173 2729 296 2804 Temple
310 2737 395 2784 ruunt
409 2728 522 2801 antiqua
536 2728 642 2784 derimi
675 2727 743 2798 Cur,
758 2727 981 2802 improbe,·carre

174 2807 241 2864 Non
255 2807 359 2880 aliquid
373 2806 468 2880 patriae
482 2816 560 2861 tanto
574 2805 697 2860 emetiris
711 2807 829 2861 acervo?

174 2885 231 2940 Uni
245 2885 377 2940 nimirum
392 2881 442 2937 tibi
456 2879 533 2936 recte
548 2900 658 2954 semper
671 2894 754 2937 erunt
767 2883 831 2937 res?

174 2958 202 3017 0
216 2978 335 3035 magnus
348 2959 465 3032 posthac
479 2957 601 3011 inimicis
615 2957 704 3011 risus!
726 2959 831 3013 Uterne

174 3039 221 3094 Ad
236 3056 317 3093 casus
331 3036 430 3091 dubios
443 3033 511 3089 fidet
524 3033 576 3087 sibi
590 3031 712 3100 certiirs3
735 3035 781 3089 hic
794 3035 842 3106 qui

174 3114 307 3171 Pluribus
321 3110 441 3169 assuerit
455 3120 578 3166 mentem
590 3127 746 3182 corpusque
760 3110 927 3184 superbum
974 3169 978 3178 ¹

174 3193 223 3246 An
236 3191 294 3265 qui,
308 3199 457 3246 contentus
472 3206 555 3262 parvo
569 3198 752 3260 metuensque
767 3187 861 3255 futuri,

174 3268 211 3324 In
224 3281 304 3342 pace,
320 3277 350 3322 ut
363 3265 486 3339 sapione,
501 3265 602 3338 aptitrit
616 3265 718 3320 idonea
731 3263 823 3319 bellot
1005 3268 1008 3273 '
1059 3264 1114 3320 110
1181 3283 1189 3298 ·

212 3341 282 3404 Quo
297 3341 387 3416 magis
402 3343 444 3399 his
456 3341 570 3408 credas;
592 3359 660 3414 puer
675 3343 751 3397 hunc
764 3359 817 3414 ego
830 3358 931 3414 partus
944 3339 1068 3396 Ofellum

174 3421 296 3496 Integris
310 3420 409 3494 opibus
422 3421 486 3475 novi
500 3437 558 3475 non
572 3419 657 3474 iatius
671 3437 761 3486 usum,

172 3496 272 3559 Quum
286 3514 364 3553 nunc
378 3497 485 3552 accisis.
519 3495 626 3551 Videas
639 3506 743 3550 metato
757 3495 785 3549 in
797 3494 888 3567 agello

169 3576 249 3631 Cum
263 3593 365 3649 pecore
379 3585 408 3628 et
421 3573 512 3648 gnatis
527 3573 624 3630 sortem
638 3573 770 3626 mercede
784 3572 925 3640 colonum,

175 3657 193 3681 “
206 3651 272 3709 Non
283 3652 364 3725 ego‚'’
380 3659 548 3718 narrantem,
563 3654 580 3678 “
591 3645 697 3704 temerd
712 3648 757 3702 edi
768 3649 832 3703 luce
845 3648 966 3723 profesti
1059 3653 1116 3707 115

173 3729 351 3801 Quidquam,
365 3736 464 3800 praeter
478 3726 549 3796 olus,
564 3726 679 3781 furnosae
693 3726 843 3798 compede
856 3744 958 3799 perne.
989 3785 997 3803 Ι
1026 3791 1030 3793 Α
