2550 4225
153 266 208 323 lut
470 264 500 317 Q.
518 262 664 309 Honnrn
679 261 802 310 rancor

189 404 291 460 caecus
304 403 356 458 iter
370 412 524 457 monstrare
538 402 619 458 velit:
641 412 736 457 tamen
749 400 844 474 aspice
856 401 880 457 si
893 402 960 474 quid

189 478 227 536 Et
238 498 300 550 nos,
314 479 387 551 quod
402 496 483 533 cures
497 479 640 552 proprium
653 478 762 548 fecisse,
776 478 929 549 loquamur.
1105 482 1127 535 ⁵

229 557 261 611 Si
274 568 302 612 te
315 566 394 629 grata
406 555 485 627 quies
499 566 528 611 et
540 556 658 629 primam
672 574 787 611 somnus
800 555 830 609 in
844 555 942 610 horam

189 633 335 700 Delectat3
356 633 380 688 si
393 643 421 690 te
435 633 525 705 pulvis
538 632 723 706 strepitusque
737 643 869 701 rotarum,

190 711 223 766 Si
235 710 313 766 laedit
326 728 464 783 caupona,
479 709 662 765 Ferentinum
677 709 717 764 irc
727 709 849 782 jubebo:

189 786 265 843 Nam
276 805 367 861 neque
381 786 512 843 divitibus
526 787 695 859 contingunt
707 786 811 859 gaudia
823 786 901 852 solis;

189 863 253 921 Nec
267 864 335 920 vixit
348 860 431 935 male,
445 863 492 936 qni
504 874 586 919 natus
599 863 775 934 moriensque
789 862 893 920 fefellit
1088 865 1126 921 10

192 941 222 996 Si
236 942 367 1014 prodesse
382 941 446 1010 tuis,
461 937 600 1014 paulbque
614 937 765 1012 benignius
778 940 871 1012 ipsum

189 1017 235 1073 'l'e
248 1028 367 1074 tractare
381 1018 464 1087 voles,
479 1018 598 1073 accedes
611 1016 705 1073 siccus
718 1017 754 1071 ad
765 1025 889 1072 unctum.

180 1099 208 1155 .“
222 1096 253 1150 Si
267 1096 416 1169 pranderet
425 1095 486 1150 olus
499 1094 646 1168 patienter,
660 1093 773 1167 regibus
787 1094 828 1149 nti

190 1171 286 1227 Nollet
300 1172 486 1245 Aristippus.''
529 1175 546 1199 “
562 1171 593 1226 Si
607 1171 692 1226 sciret
704 1170 818 1243 regibus
832 1171 882 1241 uti,

190 1248 340 1305 Fastidiret
352 1249 425 1318 olus,
439 1248 486 1320 qui
500 1266 545 1302 me
561 1248 665 1303 notat.''
707 1246 804 1303 Utrius
817 1248 917 1303 horum
1090 1250 1128 1305 15

190 1325 284 1381 Verba
297 1326 396 1399 probes
410 1336 438 1380 et
452 1325 534 1392 facta,
549 1325 638 1391 dcce;
660 1323 703 1379 vel
715 1324 810 1397 junior
823 1325 889 1379 audi

190 1402 249 1458 Cur
263 1403 298 1458 sit
313 1402 447 1476 Aristippi
460 1402 549 1477 potior
559 1401 708 1457 sententia.
749 1400 880 1473 Namque

189 1478 353 1536 Mordacem
368 1480 508 1553 Cynicum
522 1479 563 1534 sic
576 1477 716 1548 eludebat,
731 1488 761 1533 ut
774 1477 871 1533 aiunt:

191 1560 208 1586 “
221 1557 338 1614 Scurror
349 1576 402 1631 ego
415 1557 474 1631 ipse
487 1556 566 1625 mihi,
581 1555 684 1629 populo
696 1565 743 1622 tu;
764 1555 869 1610 rectius
882 1555 935 1611 hcc
949 1566 978 1612 et

191 1634 370 1707 splendidius
383 1630 472 1690 multd
486 1644 544 1689 est:
565 1652 654 1707 equus
667 1644 698 1688 ut
711 1651 757 1688 me
770 1642 870 1707 portet,
880 1632 936 1688 alat
948 1651 1007 1702 rex,
1087 1633 1129 1690 20

189 1710 324 1767 Officium
338 1712 411 1767 facio
419 1731 426 1778 3
447 1721 477 1766 tu
491 1711 584 1783 poscis
597 1710 663 1765 vilia
675 1727 779 1779 rerum,

190 1786 284 1844 Dante
298 1788 397 1858 minor,
411 1788 537 1861 quamvis
551 1788 606 1843 fers
619 1798 647 1843 te
660 1787 766 1842 nullius
778 1788 935 1860 egentem.”

188 1865 291 1921 Omnis
305 1865 477 1937 Aristippum
492 1864 588 1919 decuit
601 1864 677 1919 color
689 1874 719 1918 ct
732 1874 820 1919 status
833 1874 862 1919 et
874 1882 929 1932 res,

191 1941 363 1998 Tentantem
376 1942 490 2014 majora,
505 1938 563 1996 ferd
578 1940 763 2013 presentibus
777 1958 896 2012 aequum.

190 2016 305 2087 Contra,
320 2036 403 2090 quem
417 2016 523 2090 duplici
536 2036 630 2089 panno
644 2016 779 2089 patientia
792 2018 875 2086 velat,

190 2092 323 2164 Mirabor,
338 2094 400 2150 vitae
414 2094 459 2150 via
472 2092 495 2150 si
510 2113 645 2150 conversa
658 2093 778 2150 decebit.

189 2171 269 2227 Alter
282 2190 452 2244 purpureum
467 2189 524 2228 non
538 2171 713 2244 exspectabit
726 2172 871 2242 amictum,

188 2248 338 2308 Quidlibet
345 2249 461 2305 indutus
474 2249 657 2306 celeberrima
666 2268 716 2322 per
729 2249 791 2305 loca
805 2251 895 2321 vadet,

189 2324 395 2399 Personamque
409 2327 479 2382 seret
493 2346 549 2382 non
564 2327 754 2384 inconcinnus
767 2337 929 2400 utramque:

188 2403 269 2458 Alter
283 2403 375 2461 Mileti
388 2414 492 2460 textam
506 2423 577 2460 cane
591 2402 672 2478 pejus
684 2415 713 2460 et
726 2423 819 2478 angue
1087 2405 1128 2461 3⁰

189 2479 296 2536 Vitabit
309 2481 502 2555 chlamydem
524 2483 657 2539 morietur
669 2482 780 2556 frigore,
793 2481 819 2536 si
831 2500 889 2538 non

187 2554 344 2614 Rettuleris
357 2578 497 2632 pannum:
518 2560 599 2629 refer,
614 2570 643 2614 et
656 2560 717 2614 sine
732 2559 805 2614 vivat
817 2555 937 2631 ineptus.

225 2633 288 2689 Res
300 2653 397 2708 gerere
411 2647 440 2692 et
453 2648 548 2709 captos
562 2638 709 2692 ostendere
723 2635 832 2691 civibus
845 2635 947 2704 hostes,

188 2711 310 2784 Attingit
324 2711 423 2768 solium
437 2712 515 2768 Jovis
528 2723 556 2768 et
570 2713 694 2768 coelestia
707 2723 811 2768 tentat:
825 2762 829 2771 .
1062 2764 1067 2769 .

188 2787 365 2860 Principibus
378 2789 517 2862 placuisse
532 2789 607 2858 viris,
622 2806 679 2844 non
692 2789 788 2844 ultima
800 2789 863 2846 laus
876 2800 927 2846 est.
1085 2792 1126 2847 35

187 2865 254 2921 Non
269 2865 357 2921 cuivis
371 2865 476 2920 homini
491 2865 628 2940 contingit
641 2866 719 2922 adire
733 2865 909 2922 Corinthum.

188 2943 278 3012 Sedit,
289 2942 336 3015 qui
350 2942 442 2998 timuit
455 2961 492 2998 ne
505 2961 563 2999 non
578 2945 743 3000 succederet
754 2965 761 3011 3
783 2956 862 3001 esto:

186 3019 287 3079 Quint
308 3020 355 3091 qui
369 3020 505 3093 pervenit,
517 3021 619 3078 fecitne
634 3021 768 3078 viriliterl
789 3022 877 3095 Atqui

134 3137 139 3140 -
188 3094 247 3151 Hic
261 3107 312 3165 est,
327 3106 374 3152 aut
388 3116 535 3169 nusquam,
549 3099 623 3170 quod
636 3099 804 3170 quaerimus:
825 3100 873 3155 liic
884 3115 957 3155 onus
969 3100 1074 3171 horret,

187 3172 226 3229 Ut
237 3174 329 3247 parvis
342 3173 443 3230 animis
453 3185 482 3230 et
494 3193 579 3248 parvo
592 3194 707 3248 corpore
721 3177 812 3250 majus
823 3197 830 3244 ;

188 3249 246 3305 Hic
259 3249 333 3306 subit
346 3260 375 3306 et
387 3252 498 3323 perfert.
539 3252 599 3308 Aut
612 3253 699 3308 virtus
713 3272 816 3310 nomen
830 3253 914 3310 inane
927 3263 979 3322 est,

189 3326 248 3381 Aut
261 3327 349 3382 decus
362 3338 390 3382 et
402 3329 521 3402 pretium
535 3326 613 3384 recte
627 3330 697 3403 petit
709 3331 857 3402 experiens
870 3331 918 3388 vir.

227 3402 329 3458 Coram
343 3423 409 3478 rege
424 3405 475 3460 sual
488 3407 523 3461 de
536 3417 698 3480 paupertate
712 3417 838 3461 tacentes

188 3479 256 3534 Plus
269 3491 403 3553 poscente
417 3481 513 3538 ferent.
555 3482 657 3552 Distat,
669 3501 800 3538 sumasne
811 3483 959 3555 pudenter,

188 3558 236 3612 An
250 3556 356 3630 rapias:
379 3559 453 3630 atqui
467 3579 560 3616 rerum
575 3571 659 3632 caput
671 3561 806 3628 hocerat,
821 3559 869 3615 hic
883 3560 952 3616 fens.

189 3639 206 3662 “
218 3632 350 3688 Indotata
363 3635 431 3690 mihi
445 3655 520 3691 soror
535 3646 586 3707 est,
600 3637 770 3710 paupercula
785 3648 883 3707 mater,

188 3709 225 3764 Et
238 3708 341 3766 fundus
355 3728 408 3766 nec
422 3713 579 3784 vendibilis
594 3732 649 3768 nec
661 3732 777 3786 pascere
789 3712 913 3785 firmus,''
