2550 4225
537 256 601 304 ΔΕΒ
617 256 770 305 ΡΟΕΤΙῦΑ.
863 276 869 280 ·

198 394 307 465 Credit,
321 405 350 451 et
359 395 488 451 excludit
500 415 584 453 sanos
598 396 857 472 Heliconepoiitas,

154 510 157 512 Δ
196 472 386 543 Democritus
401 474 475 529 bona
488 492 552 547 pars
566 493 623 530 non
637 492 747 548 ungues
760 494 863 549 ponere
876 491 966 549 curat,

132 616 136 619 ,
197 548 265 605 Non
280 550 404 621 barbam,
419 562 528 607 secreta
541 551 701 625 petit‘loca,
710 553 809 609 balnea
824 554 898 610 vitat.

198 625 390 683 Nanciscetitr
403 631 479 683 enim
493 629 614 701 pretium
628 647 788 703 nomenque
801 634 902 704 politic,
1100 684 1102 691 r

198 704 229 759 Si
243 704 334 760 tribus
348 705 493 777 Anticyris
506 715 591 779 caput
604 705 760 761 insanabile
775 725 919 780 nunquam
1081 711 1142 768 800

197 780 321 838 Tonsori
332 782 433 837 Licino
447 784 625 837 commiserit.
666 782 695 837 Ο
708 802 762 857 ego
775 784 880 853 levus„
941 818 947 826 ·

195 858 258 919 Qui
272 878 375 933 purgor
386 858 473 914 bilem
486 861 540 914 suh
554 858 631 915 verni
647 859 779 933 temporie
793 861 905 917 horam!

197 936 264 993 Non
278 936 350 991 alius
364 936 468 992 faceret
482 938 597 993 meliora
609 940 756 1010 poemata:
778 934 875 995 verdin

197 1012 245 1069 Nil
260 1013 332 1070 tanti
345 1024 396 1069 est.
438 1013 514 1088 Ergo
528 1015 628 1088 fungar
642 1016 704 1069 rice
718 1016 798 1086 cotie,
812 1028 926 1075 acutum

196 1090 331 1147 Reddere
343 1109 407 1165 quae
421 1092 525 1147 ferrum
539 1092 620 1161 valet,
633 1110 730 1148 exsors
744 1093 804 1167 ipsa
814 1096 946 1151 secundi:
1081 1100 1141 1157 805

196 1167 305 1224 Munus
317 1180 346 1224 et
359 1168 493 1239 officium,
505 1168 547 1225 nil
561 1169 689 1224 scribens
703 1170 772 1243 ipse,
783 1172 906 1242 docebo;

195 1245 280 1302 Unde
294 1256 426 1319 parentur
438 1265 522 1319 opes;
543 1247 611 1319 quid
626 1246 682 1303 alat
697 1248 850 1323 formetque
860 1254 989 1325 politum,

194 1323 277 1384 Quid
288 1324 397 1393 deceat,
409 1324 567 1396 quid'non3
587 1321 644 1397 qud
656 1325 752 1395 virtue,
765 1324 821 1399 qud
839 1328 908 1384 feret
918 1348 1003 1386 error.

236 1401 386 1457 Scribendi
400 1398 478 1457 recte
493 1420 591 1475 sapere
604 1411 648 1457 est
660 1413 689 1457 et
702 1400 870 1478 principium
884 1416 914 1461 et
926 1406 995 1463 fons.

195 1478 272 1534 Rern
286 1479 337 1535 tibi
351 1478 505 1535 Socration
517 1489 650 1557 poterunt
663 1482 811 1537 ostendere
825 1483 944 1539 charte:
967 1519 971 1526 ·
1081 1486 1139 1543 uro

196 1556 346 1630 Verbaque
358 1555 497 1631 provisam
511 1574 570 1612 rem
583 1574 642 1611 non
656 1557 743 1612 invita
753 1570 912 1631 sequentur.

194 1632 256 1694 Qui
270 1634 370 1690 didicit
382 1634 479 1709 patrie
493 1633 562 1707 quid
575 1633 687 1704 debeat,
701 1645 730 1690 et
743 1636 810 1708 quid
823 1636 933 1709 amicis,

108 1704 117 1715 ’
194 1711 264 1772 Quo
275 1712 311 1769 sit
324 1731 419 1769 amore
432 1730 544 1787 parens,
557 1729 613 1785 quo
627 1711 711 1767 frater
724 1714 870 1785 amandus,
884 1725 913 1771 et
925 1716 1037 1793 hospes,

194 1788 282 1849 Quod
296 1790 332 1845 sit
346 1790 508 1865 conscripti,
521 1789 595 1863 quod
606 1789 711 1863 judicis
723 1790 856 1861 officium,
870 1811 932 1867 qure

194 1866 293 1923 Partes
306 1869 336 1924 in
350 1868 454 1924 bellum
468 1869 546 1923 missi
560 1868 659 1935 ducis3
681 1867 727 1923 ille
741 1866 867 1942 prolecto
1081 1874 1140 1931 315

194 1944 330 2002 Reddere
342 1964 470 2020 personae
484 1946 538 2002 scit
551 1946 749 2002 convenientia
761 1946 872 2021 cuique.

194 2022 352 2097 Respicere
366 2024 507 2098 exemplar
523 2024 585 2079 vitae
598 2042 764 2097 morumque
774 2024 881 2098 jubebo

194 2101 318 2158 Doctum
329 2102 506 2171 imitatorem,
520 2113 549 2158 et
562 2121 641 2158 veras
655 2102 722 2158 hinc
736 2102 840 2159 ducere
853 2121 944 2160 uoces.

194 2179 342 2236 Interdum
353 2180 480 2254 speciosa
493 2180 563 2235 locis
576 2191 736 2253 morataque
747 2177 824 2235 recte

194 2258 314 2329 Fabula,
328 2259 433 2314 nullius
445 2257 567 2325 veneris,
581 2258 641 2312 sine
656 2257 779 2329 pondere
794 2267 822 2312 et
835 2268 904 2328 arte,
1081 2259 1140 2316 320

193 2334 314 2392 Valdiirs
327 2336 449 2393 oblectat
462 2333 595 2408 populum
611 2331 766 2405 meliusque
778 2343 909 2403 moratur,

191 2412 292 2474 Qutm
306 2433 402 2469 uersus
415 2415 515 2486 inopes
528 2429 630 2480 rerum,
645 2427 783 2483 nugaeque
796 2427 917 2465 canore.

237 2492 331 2549 Graiis
345 2492 502 2566 ingenium,
512 2488 607 2544 Graiis
619 2489 698 2543 dedit
711 2505 759 2543 ore
773 2487 892 2542 rotundo

193 2573 279 2630 Musa
288 2570 374 2644 loqui,
388 2579 487 2642 praeter
501 2567 613 2622 laudern
624 2565 729 2621 nullius
742 2563 847 2620 everis:

194 2648 319 2708 Romani
329 2646 409 2721 pueri
423 2646 515 2720 longis
528 2643 684 2701 rationibus
697 2659 787 2698 essem
1080 2643 1138 2702 325

193 2729 317 2786 Discunt
330 2727 359 2781 in
374 2735 467 2799 partes
482 2733 598 2779 centum
613 2722 755 2777 diducere.
798 2724 815 2749 “
831 2718 916 2776 Dicat

193 2806 285 2863 Filius
298 2802 407 2872 Albini,
421 2801 446 2856 si
459 2801 495 2856 de
508 2801 668 2873 quincunce
682 2808 790 2854 remota
802 2808 845 2852 est

192 2884 295 2952 Uncia,
309 2881 376 2954 quid
390 2879 539 2952 superatl'’
576 2882 594 2906 “
609 2876 725 2931 Poteras
738 2876 851 2945 dixisse,
865 2875 998 2932 'Priene’'
1035 2881 1052 2908 ‘¹
1065 2875 1125 2932 Eu!

193 2962 271 3017 Rem
283 2959 387 3033 poteris
400 2972 510 3010 servare
523 2964 609 3008 tuum.
651 2952 740 3007 Redit
753 2953 846 3021 uncia,
861 2952 928 3025 quid
942 2953 1009 3010 fitr’

193 3044 211 3068 “
227 3036 347 3093 Semis.’'
390 3033 448 3102 An,
464 3033 525 3087 luec
536 3031 645 3099 animos
656 3047 751 3102 aerugo
764 3040 793 3086 et
806 3047 875 3084 cura
887 3031 981 3104 peculi
1035 3045 1037 3051 ’
1079 3029 1138 3088 {330

191 3115 293 3176 Quum
307 3110 393 3169 semel
408 3110 549 3177 imbuerit,
564 3125 707 3182 speramus
721 3106 847 3162 carmina
861 3106 929 3182 tingi
974 3153 979 3160 .

192 3191 279 3249 Posse
293 3190 409 3248 linenda
419 3189 514 3257 cedro,
527 3197 556 3242 et
569 3186 622 3242 levi
633 3185 770 3240 seruanda
783 3202 917 3258 cupresso
900 3187 987 3266 ss

232 3271 293 3326 Aut
305 3269 438 3343 prodesse
451 3265 556 3335 volunt,
570 3275 619 3320 aut
631 3259 781 3335 delectare,
795 3267 895 3338 poete,

193 3349 255 3403 Aut
268 3346 352 3401 simul
367 3355 397 3401 et
406 3343 535 3417 jucunda
544 3353 574 3398 et
586 3342 689 3398 idonea
702 3340 798 3399 dicere
812 3341 882 3398 vitai.

190 3424 341 3498 Quidquid
354 3421 508 3497 praecipies,
522 3431 583 3476 esto
595 3417 703 3484 brevis3
724 3429 754 3474 ut
768 3416 825 3475 citd
839 3419 916 3475 dicta
954 3419 957 3423 ’
1079 3419 1138 3475 m

191 3501 355 3576 Percipiant
367 3499 454 3556 animi
468 3497 575 3554 dociles
588 3506 756 3568 teneantque
770 3497 882 3552 fideles:

191 3577 289 3635 Omne
302 3595 506 3652 supervacuum
520 3576 604 3649 pleno
617 3574 653 3628 de
666 3584 778 3646 pectore
792 3585 895 3630 manat.

193 3655 278 3714 Ficta
290 3653 438 3730 uoluptatis
452 3655 539 3708 caueri
554 3652 610 3707 sint
623 3651 749 3725 proxima
763 3651 849 3706 veris:
