2550 4225
140 276 198 365 ip
317 298 321 301 ·
390 283 396 295 ¹
463 278 494 349 e·
512 276 798 349 murenam

177 414 333 473 Certatim:
354 416 469 497 tandem
484 416 573 494 tessus
587 416 710 480 dormire
723 417 809 488 viator

177 474 299 567 lucipit3
318 510 355 551 ac
369 489 461 569 missa
475 490 586 567 pastum
595 492 756 551 retinacula
768 492 852 550 multe

180 567 278 626 Nauta
290 568 371 645 piger
383 588 451 626 saxo
465 570 573 645 religat,
588 570 734 644 stertitque
748 568 874 645 supinus,

180 644 301 721 Jamque
315 647 496 717 dissederat,
509 666 596 721 quum
610 647 651 706 nil
664 647 816 721 procedere
829 646 943 705 lintrem

181 722 342 791 Sentimus;
363 724 455 791 donec
468 724 632 797 cerebrosus
646 724 750 798 prosilit
764 742 847 796 unua,

182 800 227 856 Ac
240 800 324 857 mnlae
338 811 485 875 nautaeque
499 812 584 875 caput
597 799 762 875 lumbosque
776 800 885 875 saligno

178 874 269 933 Fuste
285 876 376 933 dolat:
398 877 496 952 quarti
510 876 555 934 vix
569 878 684 935 demum
698 876 864 951 exponimur
877 875 954 933 hori.

181 953 242 1010 Ora
254 954 410 1027 manusque
423 954 473 1011 turi
486 954 613 1033 lauimus,
629 954 762 1025 Feronia,
776 947 898 1041 lymphi.

150 1048 166 1063 ·
182 1028 274 1086 Millia
287 1040 348 1087 tum
362 1031 457 1107 pransi
470 1031 524 1087 tria
539 1030 672 1105 repimus,
687 1043 769 1105 atque
783 1032 910 1097 subimus

182 1106 348 1182 Impositum
363 1104 437 1165 saris
450 1105 507 1165 late
523 1109 712 1165 candentibus
725 1110 835 1165 Anxur.

182 1182 251 1239 Hu'e
264 1184 397 1241 venturus
411 1195 471 1241 erat
485 1183 638 1255 Maecenas,
652 1185 774 1259 optimus
788 1196 871 1257 atque

183 1260 332 1335 Cocceius,
345 1260 424 1318 missi
437 1262 547 1337 magnis
561 1264 596 1319 de
610 1262 695 1336 rebus
708 1274 826 1336 uterque

183 1336 292 1423 legati,
307 1356 417 1395 eversos
431 1338 504 1395 soliti
515 1358 684 1413 componere
698 1339 812 1395 amicos.

182 1410 242 1471 Hic
252 1412 345 1471 ‘oculis
358 1434 412 1491 ego
426 1416 508 1491 nigra
520 1416 591 1475 meis
605 1416 720 1489 collyria
733 1416 826 1489 lippus

182 1489 305 1549 Illinerc.
347 1492 461 1565 Interea
474 1492 618 1551 Maecenas
632 1493 746 1549 advenit
759 1505 843 1567 atque

182 1568 333 1647 Cocceius,
348 1570 504 1647 Capitoque
518 1570 600 1629 simul
615 1570 762 1641 Fonteius,
776 1571 812 1626 ad
826 1587 949 1645 unguem

182 1644 289 1704 Factus
300 1644 397 1719 lromo,
412 1648 532 1721 Antoni,
546 1668 603 1705 non
618 1660 650 1705 ut
663 1644 755 1723 magis
768 1648 848 1719 alter,
862 1646 978 1723 amicus,

221 1723 338 1781 Fundos
353 1726 469 1783 Aufidio
482 1726 576 1786 Lusco
589 1736 707 1800 praetore
717 1725 836 1782 libenter

183 1799 360 1874 Linquimus,
376 1802 468 1859 insani
482 1802 606 1859 ridentes
620 1802 736 1876 praemia
749 1801 858 1870 scribae,

183 1876 359 1947 Praetextam,
373 1890 402 1935 et
415 1878 502 1935 latum
512 1880 636 1949 clavum,
650 1897 804 1953 prunaeque
817 1876 952 1934 batillum.

183 1953 218 2010 In
232 1953 440 2033 Mamurrarum
454 1956 519 2012 lassi
535 1957 638 2013 deinde
653 1957 721 2011 urbe
735 1973 893 2025 manemus,

162 2028 314 2109 '‘Muraend
327 2033 470 2106 prebente
484 2034 610 2104 domum,
623 2033 762 2107 Capitone
776 2031 909 2088 culinam.

221 2108 337 2166 Postera
349 2109 397 2166 lux
410 2108 497 2168 oritur
511 2108 599 2168 multd
614 2105 790 2185 gratissima:
811 2127 933 2183 namque

182 2183 289 2242 Plotius
302 2197 331 2243 et
344 2187 448 2244 Varius
463 2189 605 2244 Sinuessae
616 2187 807 2262 virgiliusque

182 2261 361 2332 Occurrunt;
383 2265 494 2336 animam
507 2267 603 2339 quales
616 2284 708 2339 neque
722 2263 901 2320 candidiores

182 2339 275 2398 Terra
288 2341 362 2412 tulit,
374 2361 465 2418 neque
478 2343 558 2417 queis
567 2362 613 2399 me
627 2341 664 2398 sit
677 2341 832 2398 devinctior
846 2341 922 2396 alter.
938 2363 942 2368 ’

182 2415 211 2474 Ο
224 2417 272 2492 qui
287 2420 450 2493 complexus
463 2431 492 2475 et
505 2420 610 2494 gaudie
622 2430 728 2494 quanta
741 2419 869 2475 fuerunt!

182 2493 232 2551 Nil
246 2513 299 2571 ego
312 2497 480 2553 contulerim
491 2497 620 2572 jucundo
630 2515 716 2552 sanus
728 2495 832 2552 amico.

182 2571 316 2628 Proxima
330 2573 476 2648 Campano
489 2575 567 2648 penti
581 2592 643 2647 quae
657 2573 752 2629 villula
764 2582 870 2628 tectum
943 2621 946 2624 .

182 2647 315 2720 Praebuit,
329 2661 357 2706 et
369 2651 495 2724 parochi,
508 2669 570 2724 quae
583 2651 697 2720 debent,
711 2649 789 2736 lignp
801 2649 952 2721 salemque.

183 2725 261 2782 Hinc
275 2727 343 2782 muli
358 2727 463 2800 Capuae
479 2727 596 2784 clitellas
610 2738 734 2805 tempore
747 2732 864 2798 p‘onunt.

183 2801 291 2860 Lusum
305 2801 326 2858 it
340 2802 483 2860 Maecenas
491 2823 498 2871 ;
520 2802 672 2860 dormitum
685 2822 738 2878 ego
752 2801 960 2878 Virgiliusque:

182 2877 314 2953 Namque
326 2879 384 2954 pila
396 2880 479 2955 lippis
493 2880 640 2938 inimicum
654 2892 683 2937 et
695 2881 793 2936 ludere
806 2878 910 2937 crudis.

221 2955 300 3013 Hinc
313 2976 365 3014 nos
379 2957 495 3015 Cocceii
509 2957 609 3034 recipit
621 2957 785 3033 plenissima
797 2957 871 3028 villa,

173 3031 257 3102 ,Quae
271 3045 410 3110 superest
424 3034 516 3091 Caudi
531 3054 681 3110 cauponas.
713 3033 810 3090 'Nunc
823 3034 892 3092 mihi
902 3030 1001 3108 paucis

183 3109 324 3168 Sarmenti
338 3131 441 3168 scurrae
454 3131 578 3188 pugnam
593 3111 737 3185 Messique
751 3111 872 3186 Cicirri,-

182 3184 276 3257 Musa,
291 3189 374 3245 velim
388 3208 541 3258 memores;
563 3200 592 3246 et
604 3207 661 3263 quo
673 3198 752 3263 patre
766 3199 849 3244 natus
863 3197 980 3261 uterque.
1031 3198 1034 3202 ’

181 3263 340 3322 Contulerit
352 3262 423 3322 lites.
459 3265 548 3323 Messi
561 3267 669 3322 clarum
683 3283 773 3340 genus
785 3262 872 3332 0sci;

181 3340 323 3398 Sarmenti
337 3343 453 3400 domina
465 3354 562 3400 exstat.
604 3344 652 3400 Ab
665 3344 709 3400 his
722 3341 874 3416 majoribus
886 3336 940 3396 orti
1078 3342 1118 3398 55

181 3417 228 3473 Ad
241 3436 365 3496 pugnam
379 3419 491 3477 venere.
533 3421 612 3478 Prior
626 3421 808 3476 Sarmentus:
830 3417 935 3491 “Equi
947 3428 976 3474 te
1000 3433 1012 3450 ⁴

180 3492 251 3550 Esse
265 3495 315 3552 feri
329 3497 449 3553 similem
462 3499 554 3555 dico.'’
596 3498 750 3554 Ridemus:
771 3507 800 3552 et
814 3493 873 3569 ipse

181 3569 313 3643 Messius,
329 3577 346 3602 “
355 3574 508 3648 Accipio⁷';
530 3585 613 3651 caput
627 3585 656 3632 ct
668 3584 768 3630 movet.
810 3577 828 3602 “
837 3571 865 3627 Ο
879 3582 928 3629 tua
941 3590 1030 3630 cornu

181 3645 220 3702 Ni
234 3646 303 3705 foret
316 3661 430 3706 exsecto
444 3651 548 3722 frons,''
563 3652 663 3728 inquit,
677 3655 695 3680 “
705 3651 773 3724 quid
787 3649 905 3720 faceres,
918 3667 1006 3723 quum
1089 3649 1090 3652 ’

181 3722 357 3782 stemnius
371 3726 553 3785 munuera
595 3729 635 3785 Ar
649 3729 689 3786 rm
703 3729 777 3786 foeaa
790 3726 908 3784 cicatrix
1077 3725 1117 3782 ao
1268 3710 1271 3879 p
