2550 4225
466 310 663 360 GARMINUM
678 310 743 358 Lis.
761 272 811 359 lll.

230 506 237 515 ,
344 451 409 509 Nec
423 452 509 509 sumit
522 452 792 527 autponitsecures

382 529 507 587 Arbitrio
520 529 661 603 popularis
674 544 758 583 aure.

305 609 411 677 Virtus,
425 607 576 662 recludens
590 604 736 661 immeritis
747 604 817 660 mori

305 684 427 754 Coelum,
443 684 546 757 negati
559 692 650 738 tentat
663 682 716 737 iter
728 681 774 737 vii
787 700 793 735 :

344 761 497 833 Coetusque
511 760 640 833 vulgares
653 769 682 814 et
692 758 778 813 udam

382 838 496 911 Spernit
509 838 626 892 humum
641 834 767 909 iirgieute
780 833 884 907 penna.
983 831 987 838 ’

304 916 356 972 Est
368 925 398 970 et
410 912 486 969 fideli
501 922 563 968 tuta
578 912 690 967 silentio

304 992 433 1049 Merces:
454 990 562 1059 vetabo,
576 989 624 1061 qui
638 988 752 1043 Cereris
765 996 878 1043 sacrum

342 1066 474 1141 Vulgarit
488 1084 607 1135 arcanae,
622 1064 676 1120 sub
688 1063 780 1120 isdem

382 1144 426 1200 Sit
439 1142 574 1213 trabibus,
587 1142 751 1215 fragilemve
763 1157 878 1195 mecum

280 1222 399 1279 ¹Solvet
412 1220 537 1276 faselum.
572 1216 655 1293 Saepe
670 1217 811 1292 Diespiter

307 1298 463 1373 Neglectae
477 1298 585 1353 incesto
598 1296 707 1356 addidit
720 1295 880 1369 integrum.

344 1372 422 1431 Rard
437 1373 652 1430 antecedentem
663 1372 814 1428 scelestum

382 1448 513 1508 Deseruit
526 1452 598 1525 pede
612 1450 701 1506 Poena
713 1450 823 1505 claudo.
893 1519 897 1521 v

496 1654 785 1678 —.....,.-..

448 1760 454 1767 ’
542 1796 642 1854 oua
662 1795 718 1852 111.

307 1916 325 1973 J
327 1935 427 1977 usuum
441 1934 475 1971 ac
488 1925 618 1973 tenacem
638 1910 771 1985 propositi
784 1911 874 1966 virum

308 1994 376 2052 Non
390 1994 494 2049 civium
508 1992 590 2049 ardor
603 2007 688 2064 prava
698 1986 868 2063 jubentium,

347 2071 413 2130 Non
428 2070 520 2128 vultus
533 2067 664 2126 instantia
677 2066 788 2141 tyranni

386 2148 484 2206 Mente
498 2148 587 2223 quatit
601 2145 701 2215 solida,
714 2161 806 2217 neque
819 2143 930 2217 Auster,

208 2276 212 2280 .
309 2227 376 2284 Dua
389 2227 506 2300 inquieti
516 2224 646 2281 turbidus
660 2221 786 2292 Hadriae,

309 2305 373 2362 Nec
387 2303 562 2360 fulminantis
575 2317 679 2372 magna
692 2297 770 2353 Jovis
779 2314 880 2359 manus

348 2383 380 2438 si
394 2382 499 2437 fractus
513 2377 642 2433 illabatur
654 2375 739 2442 orbis,

388 2455 566 2530 Impavidum
579 2451 682 2507 ferient
694 2451 791 2505 ruine.

251 2571 254 2578 ·
308 2537 376 2594 Hac
390 2544 451 2604 arte
463 2531 572 2600 Pollux,
586 2539 615 2585 et
627 2543 715 2601 vagus
729 2525 878 2596 Hercules,

309 2613 425 2686 Emona,
439 2626 519 2667 arces
533 2607 625 2681 attigit
638 2605 753 2678 igneas:

348 2691 431 2751 Quos
442 2689 514 2744 inter
529 2686 678 2759 Angustus
690 2681 860 2738 recumbens

387 2766 532 2840 Purpureo
546 2762 678 2818 bibit'ore
691 2769 796 2816 nectar.

310 2844 376 2900 Hic
389 2854 417 2900 te
431 2851 597 2908 merentem,
612 2838 727 2894 Bacche
739 2847 828 2910 pater,
841 2845 899 2891 tuae

310 2919 423 2977 Vertere
436 2921 532 2992 tigres,
547 2916 663 2972 indocili
675 2915 775 2987 jugum

348 2997 433 3054 Collo
442 2995 593 3051 trahentes.
618 2990 695 3045 Hbc
707 2989 849 3047 Quirinus

387 3072 488 3128 Martis
508 3069 588 3142 equis
602 3067 768 3122 Acheronta
781 3064 870 3138 sugit3

309 3152 428 3208 Gratum
441 3145 574 3223 eloquntti
588 3143 804 3202 consiliantibus

310 3228 424 3286 Junone
438 3227 523 3284 divis:
545 3221 744 3293 “llion,-Ilion

350 3305 465 3374 Fatalis,
479 3305 660 3374 incestusque
671 3300 771 3374 judex,

389 3382 427 3439 Et
439 3381 540 3437 mulier
553 3378 711 3454 peregrina,
724 3375 806 3431 vertit

312 3461 349 3518 In
362 3460 515 3536 pulverem,
530 3477 564 3514 ex
578 3473 634 3529 quo
648 3452 775 3509 destituit
786 3451 856 3507 deos

312 3537 447 3596 Mercede
460 3536 543 3612 pacti
557 3531 730 3608 Laomedon,
743 3528 814 3584 mihi
889 3546 909 3619 0·

351 3616 501 3688 Oastaeque
515 3613 680 3668 damnatum
693 3606 830 3662 Minervae

391 3692 466 3748 Cum
479 3689 581 3765 populo
594 3697 623 3742 et
636 3686 709 3741 duce
723 3681 908 3739 fraudulento.

313 3771 378 3830 Jam
392 3786 446 3828 uec
461 3769 591 3824 Lacaenae
605 3763 734 3840 splendet
747 3759 880 3818 adultere
