2550 4225
426 276 670 325 ammentante
687 277 752 324 ure
769 278 790 326 1.
809 282 846 326 ιτ.
880 272 884 278 ’
1061 287 1117 343 168

178 420 197 447 “
209 415 274 473 Neo
289 416 393 479 furtum
407 416 471 487 saei,
486 434 540 474 nee
553 417 642 492 fugi‚'’
657 416 681 471 ri
694 417 764 473 mibi
776 418 855 475 dieat

178 494 283 550 Servus
295 512 301 549 :
323 497 342 523 “
357 493 455 553 Habea
468 495 597 569 pretium,
610 494 677 551 loris
690 513 748 551 uon
760 496 878 567 urerie‚”
892 496 946 553 aie.

176 575 195 603 ‘⁶
207 570 275 627 Non
289 570 431 627 bominem
445 572 565 628 ooeidi.”
607 576 624 601 “
639 571 707 627 Nou
720 590 820 646 pueoee
833 574 863 637 in
875 591 963 631 eruee
974 578 1101 633 corros?

176 651 195 677 “
210 648 281 703 Sum
295 648 385 704 bonus
395 658 424 704 et
437 648 538 723 nug-it
578 648 691 705 Reuuit
703 660 789 725 negat
802 662 885 723 utque
895 651 1044 709 Sabaeae:

177 728 196 756 “
207 724 317 781 Cautus
330 726 406 781 enim
420 726 520 783 metuit
534 726 641 783 foveam
654 726 746 800 lupus,
760 727 949 803 accipiterque
1074 731 1115 786 50

176 803 329 877 Suspectus
341 802 465 875 laqueos,
478 813 507 859 et
519 814 647 877 opertum
660 804 764 860 miluus
777 805 900 861 bonrum.

174 878 308 935 Oderunt
320 898 439 953 peceare
453 881 519 936 boni
533 880 642 936 virtutis
654 900 767 949 amore3

175 954 223 1012 Tu
238 957 307 1012 nibil
322 957 455 1013 admittes
466 957 496 1013 in
510 968 539 1013 te
552 958 701 1013 tormidine
713 976 813 1031 prena.

176 1033 220 1089 Sit
234 1052 297 1107 spes
311 1034 436 1103 fallendi,
450 1034 583 1090 mieoabis
596 1052 677 1090 saera
688 1035 819 1109 prosauie

173 1109 250 1166 Nam
264 1112 300 1166 de
314 1111 391 1166 mille
405 1112 475 1167 fabre
490 1112 590 1167 modiis
603 1130 690 1185 quum
703 1113 819 1187 surripis
832 1131 931 1184 uuum,
1073 1118 1112 1173 55

174 1187 318 1244 Damnum
332 1198 383 1257 est,
397 1206 453 1244 non
468 1188 587 1259 sueinus,
601 1190 671 1245 mibi
684 1200 767 1263 paeto
779 1190 872 1246 leuius
884 1191 964 1247 irto.”

173 1265 226 1321 Vir
240 1266 340 1336 bonus,
354 1282 437 1321 omne
452 1265 542 1321 forum
556 1284 641 1339 quem
655 1277 763 1340 speetu
775 1278 804 1323 et
815 1286 903 1323 omna
914 1268 1046 1339 tribuual,

173 1342 411 1416 Quandoounque
425 1342 493 1399 deos
507 1343 549 1400 vel
563 1361 650 1437 pereo
662 1344 705 1399 vel
721 1343 903 1417 beneplacet,
1047 1410 1051 1415 ,

174 1424 192 1450 “
204 1419 277 1476 June
289 1421 386 1495 pater}²
401 1417 487 1489 olera,
502 1420 578 1475 olore
591 1438 679 1493 quum
692 1421 763 1477 dixit
776 1425 794 1451 “
809 1422 946 1495 Anolio¹';
1134 1442 1140 1453 ·

174 1497 266 1553 Labra
280 1507 382 1567 movet,
396 1508 526 1573 metuens
539 1497 648 1552 audiri:
670 1502 688 1526 “
703 1498 825 1554 Pulchra
838 1499 976 1569 Lavernu,
1072 1499 1112 1555 60

174 1573 219 1631 Da
232 1572 302 1630 mihi
316 1574 422 1642 fallere,
436 1574 473 1627 da
484 1573 590 1646 justum
605 1584 789 1647 sanctumque
801 1574 889 1633 videri

173 1651 297 1709 Noctem
308 1651 435 1725 pooaatm
447 1660 476 1705 ot
489 1649 634 1705 fraudibus
646 1650 740 1724 objice
753 1652 885 1707 nubem.²’

150 1798 157 1805 .
172 1728 235 1789 Qui
248 1728 346 1785 melior
360 1746 448 1797 servo,
463 1724 511 1799 qui
525 1726 637 1783 liberior
651 1727 687 1783 eit
700 1745 809 1799 avarus,

174 1806 209 1861 In
223 1806 311 1862 triviis
324 1805 411 1860 finum
425 1822 511 1877 quum
525 1822 555 1859 se
569 1804 691 1862 demittit
703 1804 739 1861 ob
749 1824 850 1876 assem,

173 1883 240 1940 Non
253 1884 350 1939 video:
371 1900 437 1937 uam
451 1881 499 1954 qni
512 1882 617 1956 cupiet,
628 1892 735 1938 metuet
747 1901 873 1957 quoque;
893 1880 987 1957 pond,
1071 1884 1111 1940 65

171 1960 233 2020 Qui
246 1970 376 2016 metuens
389 1958 464 2027 vivit,
478 1958 548 2014 liber
561 1958 631 2015 mihi
645 1978 702 2017 non
716 1960 769 2016 erit
782 1978 915 2034 unquam.

172 2037 299 2094 Perdidit
312 2054 398 2106 arma,
412 2036 507 2092 iocum
520 2036 628 2093 virtutis
641 2037 776 2107 deseruit,
789 2038 838 2112 qui

173 2115 291 2190 Semper
305 2117 335 2172 in
349 2113 479 2188 augendi
494 2113 606 2172 festinat
617 2126 647 2172 et
656 2117 782 2173 obruitur
795 2135 835 2172 re.

172 2192 305 2250 Vendere
318 2209 408 2266 quum
417 2191 507 2265 possis
521 2192 672 2266 captivum,
684 2193 816 2249 oooidere
837 2194 914 2251 noli:

173 2270 282 2327 Serviat
295 2269 416 2326 utiliter:
437 2269 498 2324 uine
511 2279 608 2340 paseat
620 2268 709 2323 dume
721 2280 851 2342 aretque3
971 2271 979 2288 ‘
1072 2270 1111 2324 70

172 2346 295 2422 Naviget
309 2365 343 2404 ao
357 2346 457 2403 mediis
471 2345 576 2400 hiemet
589 2356 727 2401 mereator
738 2345 768 2400 in
781 2347 881 2414 undis3
1114 2352 1117 2358 '

173 2426 304 2481 Annonae
317 2425 403 2500 prosit
414 2444 420 2492 ;
441 2431 531 2497 portet
545 2421 685 2479 frumenta
697 2439 850 2496 penusque.

211 2503 263 2559 Vir
277 2503 368 2559 bonus
377 2512 406 2557 et
419 2500 531 2574 sapiens
545 2499 659 2555 audebit
672 2499 787 2555 dioere:
809 2502 827 2528 ‘⁴
837 2499 976 2568 Penthea,

173 2578 281 2636 Rector
295 2578 469 2648 Thebarum,
483 2577 551 2651 quid
565 2595 610 2632 rno
623 2576 747 2650 perferre
759 2577 872 2650 patique

173 2655 327 2730 Indignum
350 2675 434 2731 eoges
444 2656 474 2710 P'
516 2658 534 2685 “
549 2654 684 2710 Adimam
705 2654 806 2710 boua.''
847 2658 865 2684 ‘⁶
880 2652 992 2732 Nempe
1012 2675 1110 2787 pecu}

252 2752 311 2790 rem
427 2763 442 2788 ι
1071 2735 1090 2788 7

172 2811 284 2881 leutos,
298 2780 459 2885 uigentum:
480 2810 561 2866 tollas
574 2809 667 2865 iicet.’'
709 2813 727 2840 “
743 2807 778 2865 In
791 2809 914 2864 manicis
924 2819 954 2866 et

172 2887 366 2964 Compedibus
379 2904 453 2942 saevo
466 2897 493 2942 te
508 2887 560 2942 sub
574 2887 691 2942 custode
704 2886 834 2942 tenebo.''

173 2970 191 2996 ‘¹
206 2965 272 3040 Ipse
285 2966 365 3034 dene,
380 2963 559 3036 simulatque
572 2965 673 3033 volam,
686 2981 732 3018 me
745 2963 858 3022 solvet”
899 2962 1018 3036 Opiuor,

173 3042 238 3099 Hoc
252 3042 345 3112 sentit,
360 3045 378 3071 “
391 3038 531 3109 Moriar'';
552 3059 626 3098 mors
640 3039 739 3095 ultima
751 3040 827 3097 linea
839 3058 933 3096 rerum
946 3050 1001 3096 est.

466 3347 668 3406 EPISTOLA
679 3345 778 3404 XVII.

533 3484 573 3521 AD
587 3484 719 3522 SCAEVAM.

171 3584 325 3654 Qurnma,
341 3583 448 3653 Saeva,
462 3579 530 3638 satis
543 3599 592 3656 per
603 3591 631 3637 te
644 3580 695 3637 tibi
709 3581 842 3649 romulis,
856 3592 886 3638 et
898 3582 955 3638 soie

172 3663 241 3723 Quo
253 3661 370 3718 tandem
381 3670 465 3736 paeto
478 3659 578 3714 deoeat
588 3657 739 3732 majoribus
749 3659 800 3729 uti,

146 3773 149 3788 -
174 3739 271 3810 Disoe,
286 3738 431 3794 doeendus
444 3737 548 3806 adhue,
561 3753 623 3809 quae
637 3746 735 3792 eeneet
747 3735 903 3804 amiculum
924 3747 956 3793 ut
969 3738 993 3792 si
