2550 4225
455 267 457 273 ’
481 300 512 357 a.
529 298 675 351 nummi
692 299 816 351 rtrccr

272 486 274 491 .
349 442 486 499 Narratur
500 452 528 498 et
541 443 627 517 prisci
640 442 759 501 Catonis

388 518 471 595 saepe
486 538 564 577 mero
577 520 698 577 caluisse
711 521 807 577 virtue.
856 570 860 575 ,
946 562 949 566 -

310 598 360 655 Tu
374 598 438 655 lene
452 608 623 655 tormentum
637 599 752 673 ingenio
766 599 897 657 admoves

309 674 479 749 Plerumque
493 676 577 733 duro:
598 688 628 733 tu
643 677 812 750 sapientium

312 777 314 781 ¹
349 755 440 811 Guras
453 764 481 810 et
495 772 630 810 arcanum
642 754 740 828 jocoso

388 832 547 889 Consilium
561 833 665 907 retegis
679 832 782 907 Lyaeo:

310 909 360 966 Tu
374 929 453 984 spem
466 912 580 967 reducis
593 911 736 967 mentibus
750 912 841 968 anxiis

310 988 464 1061 Viresque3
486 999 514 1044 et
528 990 607 1045 addis
622 1007 729 1045 cornua
742 991 868 1065 pauperi,

349 1066 415 1122 Post
429 1076 456 1121 te
471 1085 562 1138 neque
576 1068 661 1123 iratos
671 1069 804 1125 trementi

387 1143 503 1217 Regum
516 1144 621 1217 apices,
636 1162 729 1216 neque
743 1145 863 1201 militum
878 1162 965 1204 arma.

310 1220 356 1276 Te
370 1220 464 1291 liber,
479 1230 519 1291 et,
532 1221 555 1275 si
570 1222 634 1277 laeta
647 1222 746 1292 aderit,
761 1222 872 1294 Venus,

311 1300 474 1373 Segnesque
488 1299 594 1354 nodum
608 1298 714 1357 solvere
728 1300 845 1377 Gratiae,

349 1376 484 1449 Vivaeque
497 1378 656 1451 producent
668 1378 801 1449 lucernae,
851 1420 854 1427 .

389 1452 465 1509 Dum
480 1454 593 1511 rediens
607 1456 686 1531 fugat
699 1466 773 1514 astra
786 1456 918 1514 Phoebus.

556 1762 641 1819 ODE
660 1764 746 1821 va

472 1894 476 1901 '
556 1899 595 1936 AD
609 1900 740 1939 numum.

311 1999 462 2057 Mcnmum
476 2008 570 2054 custos
588 2015 801 2072 nemorumque,
814 2001 904 2077 virgo,

309 2078 385 2140 Quae
399 2076 558 2134 laborantes
571 2086 652 2132 utero
665 2076 774 2151 puellas

311 2156 370 2212 Ter
384 2165 483 2211 vocata
496 2153 586 2224 audis,
601 2154 757 2228 adimisque
769 2155 837 2226 leto,

506 2231 580 2288 Diva
593 2231 742 2302 triformis;

312 2311 469 2367 Imminens
483 2309 554 2366 villae
569 2319 618 2366 tua
630 2311 715 2385 pinus
728 2321 797 2383 osto,
915 2377 918 2380 ⁴

309 2388 406 2449 Quam
421 2393 471 2463 per
485 2399 598 2446 exactos
611 2408 665 2463 ego
678 2389 759 2446 letus
773 2408 864 2448 annos

312 2467 410 2527 Verris
422 2466 567 2540 obliquum
581 2467 744 2524 meditantis
758 2468 845 2526 ictum

509 2545 656 2619 Sanguine
670 2546 782 2602 donem.
884 2585 888 2590 -

465 2809 469 2813 ’
546 2845 629 2903 cun
650 2847 751 2906 xvu.

538 2983 578 3021 AD
592 2983 755 3024 Primnum

310 3085 403 3141 Curuo
417 3083 532 3157 supinas
546 3084 570 3138 si
583 3083 681 3139 tuleris
694 3102 796 3141 manus

311 3162 456 3219 Nascente
471 3161 563 3231 Luna,
577 3162 683 3216 rustica
696 3161 826 3235 Phidyle,

350 3241 385 3296 Si·
396 3241 478 3296 thure
491 3238 613 3314 placdris
627 3246 656 3293 et
669 3238 759 3294 horna

389 3317 484 3392 Fruge
498 3317 594 3386 Lares,
609 3315 745 3389 avidaique
759 3319 845 3392 porcia
852 3339 859 3386 ;

310 3395 375 3452 Nec
388 3396 566 3472 pestilentem
580 3394 683 3451 sentiet
696 3394 827 3451 Africum

312 3473 461 3530 Foecunda
474 3473 547 3543 vitis,
562 3492 616 3529 nec
630 3472 753 3528 sterilem
768 3491 850 3548 seges

349 3551 535 3626 Rubigiuem,
550 3562 598 3607 aut
612 3551 710 3607 dulces
723 3551 830 3607 alumni

388 3629 529 3686 Pomifero
542 3647 625 3703 grave
640 3640 751 3704 tempus
765 3647 849 3689 anno.

311 3706 397 3776 Nam,
412 3725 474 3781 quae
487 3707 572 3763 nivali
587 3707 710 3782 pascitur
725 3708 831 3782 Algido
868 3778 873 3783 ἢ

314 3784 419 3840 Devcta
432 3803 553 3858 quercus
567 3786 640 3842 inter
653 3798 682 3843 et
695 3787 785 3858 ilices,
