2550 4225
457 351 661 401 summunt
678 351 742 400 mn.
760 354 781 401 l.
798 356 821 399 4.

186 486 297 547 Omnes
310 490 340 547 bi
353 501 483 548 metuunt
495 509 602 561 versus,
616 489 703 549 odere
716 495 863 566 poetas.-

187 564 309 623 Foenum
323 568 407 625 habet
421 567 450 624 in
464 586 569 637 comu3
589 566 675 642 longe
690 569 765 643 fuge,
779 567 931 626 dummodd
946 570 1033 625 risum

186 641 320 700 Excutiat
333 645 396 715 sibi,
411 664 468 701 non
483 647 530 702 hic
543 646 677 718 cuiquam
689 655 787 719 parcet
801 646 910 713 amium

186 718 234 790 Et,
245 720 433 795 quodcunque
446 724 533 779 semel
547 723 652 778 chartis
665 723 793 793 illeverit‚
805 742 904 779 omnes
1062 754 1074 773 ι
1085 724 1125 779 35

185 797 296 855 Gestiet
310 816 327 855 a
341 799 423 856 fiune
436 800 587 856 redeuntes
601 801 684 870 scire,
697 800 829 873 lacuque,

187 873 224 931 Et
236 892 339 949 pueros
352 886 381 933 et
395 877 660 951 anus-Agedum,
674 896 765 951 pauca
778 878 876 952 accipe
890 876 996 935 contrd.

186 951 312 1008 Primum
326 972 380 1028 ego
393 972 439 1009 me
454 954 573 1025 illorum,
588 954 714 1009 dederim
727 955 829 1028 quibus
842 973 904 1011 esse
917 958 1025 1030 poetas,

185 1028 343 1103 Excerpam
357 1048 489 1087 numero:
511 1033 691 1105 nequeenim
705 1032 875 1089 concludere
889 1050 999 1091 versum

186 1105 298 1162 Dixeris
312 1124 375 1163 esse
388 1104 471 1177 satls;
492 1127 593 1182 neque,
608 1109 630 1163 si
645 1109 708 1181 quis
718 1110 830 1179 scribat,
844 1106 886 1167 uti
901 1127 962 1179 nos,
1087 1110 1126 1165 40

186 1184 319 1241 Sermoni
331 1185 468 1259 propiora,
482 1196 564 1260 putes
577 1186 654 1241 bunc
667 1205 729 1241 esse
742 1189 863 1261 poetam.

187 1260 339 1335 Ingenium
354 1262 401 1318 cui
415 1262 460 1333 sit,
475 1260 521 1318 cui
537 1281 617 1319 mens
631 1263 760 1334 divinior,
776 1274 858 1337 atque
870 1283 904 1320 os

186 1337 293 1412 Magna
306 1350 480 1410 sonaturum,
494 1341 544 1395 des
558 1340 681 1395 nominis
694 1340 778 1415 hujus
791 1342 934 1397 bonorem.

185 1413 299 1472 Idcirco
312 1416 436 1489 quidam,
451 1416 599 1472 Comoedia
612 1435 705 1472 necne
717 1421 819 1490 poema

186 1491 279 1563 Feset,
293 1492 466 1567 quasivero
488 1492 565 1565 qudd
579 1511 644 1549 acer
658 1493 770 1567 spiritus
784 1513 818 1550 ac
832 1496 872 1549 vis
1086 1498 1127 1552 ⁴5

187 1568 251 1626 Nec
265 1570 358 1625 verbis
371 1588 427 1626 nec
439 1570 524 1626 rebus
538 1569 625 1637 inest;
647 1570 703 1625 nisi
716 1568 792 1643 qudd
805 1572 877 1644 pede
892 1582 969 1628 certo

176 1646 289 1705 Diffen
303 1647 437 1715 sermoni,
453 1664 545 1702 sermo
559 1645 743 1702 merus-At
756 1658 835 1721 pater
848 1643 952 1703 ardens

186 1724 273 1780 Saevit
286 1721 373 1797 qudd,
388 1723 536 1779 meretrice
548 1740 635 1797 nepos
649 1722 766 1778 insanus
778 1723 880 1795 amici,

185 1799 276 1857 Filius
289 1818 406 1857 uxorem
419 1800 521 1875 grandi
534 1818 600 1854 cum
614 1800 679 1856 dote
692 1810 814 1871 recuset,

184 1876 289 1934 Ebrius
302 1888 342 1948 et,
355 1895 491 1951 magnum
505 1877 579 1950 quod
592 1877 726 1946 dedecus,
741 1876 864 1934 ambulet
876 1889 943 1935 ante
1085 1881 1127 1936 5ss

185 1954 308 2012 Noctem
322 1972 389 2010 cum
405 1952 709 2028 facibus—Numquid
724 1954 895 2031 Pomponius
909 1955 969 2012 istis

184 2032 307 2089 Audiret
319 2030 432 2109 leviora,
446 2041 524 2106 puter
537 2030 562 2085 si
575 2030 713 2088 viveretl.
725 2077 748 2089 ..
763 2031 840 2111 ngo

184 2108 252 2167 Non
266 2106 334 2166 satis
347 2120 389 2166 est
401 2108 479 2186 puris
492 2129 601 2168 versum
614 2109 788 2188 perscribere
801 2113 908 2181 verbis;

182 2185 281 2247 Quem
294 2187 318 2243 si
331 2187 475 2259 dissolvas,
486 2189 575 2263 quivis
588 2191 777 2246 stomachetur
790 2191 890 2249 eodem

182 2263 253 2324 Quo
265 2275 430 2339 personatus
443 2279 526 2342 pacto
538 2277 625 2339 peter.
661 2265 725 2336 His,
739 2286 793 2341 ego
806 2286 868 2342 quae
881 2285 970 2339 nunc,
1085 2272 1125 2326 55

182 2339 262 2396 Olim
275 2359 338 2415 qnae
352 2342 462 2416 scripsit
476 2343 613 2411 Lucilius,
626 2343 729 2416 eripias
742 2345 766 2399 si
965 2348 968 2354 “

183 2417 329 2491 Tempora
339 2429 416 2475 certa
426 2421 589 2494 modosque,
603 2430 641 2490 et,
652 2420 725 2492 quod
740 2421 817 2494 prius
827 2421 926 2477 ordine
941 2422 1057 2477 verbum
1070 2436 1123 2493 est,

181 2494 326 2551 Posterius
339 2496 436 2566 facias,
450 2515 618 2573 preponens
632 2495 731 2552 ultima
743 2497 856 2570 primis;

182 2571 261 2640 Non,
275 2582 307 2628 ut
320 2573 344 2628 si
358 2572 456 2643 solvas,
478 2579 495 2604 ‘⁶
508 2573 821 2650 Postquamdiscordia
834 2583 910 2631 tetra

182 2647 398 2722 Bellv'ferralcs
406 2659 500 2724 postes
508 2659 662 2726 portasque
675 2649 823 2724 rffregitss’
1084 2655 1124 2711 6⁰
1165 2687 1168 2693 ‚

182 2725 317 2785 invenias
330 2727 414 2783 etiam
429 2727 537 2802 disjecti
552 2729 678 2784 membra
691 2732 791 2804 poene

182 2802 331 2860 Hactenus
345 2805 424 2860 haec:
447 2804 525 2876 elide,
537 2806 643 2880 justum
658 2807 694 2862 sit
707 2825 799 2862 necne
812 2811 928 2881 poema3

181 2878 269 2936 Nunc
283 2879 351 2937 illud
364 2880 475 2938 tantum
488 2902 620 2955 queram,
635 2881 773 2940 meritdne
786 2885 837 2940 tibi
851 2885 887 2942 sit

182 2957 353 3032 Suspectum
366 2976 458 3032 genus
472 2959 525 3014 hoc
539 2959 689 3015 scribendi.
725 2961 839 3017 Sulcius
853 2981 919 3018 acer

181 3033 317 3091 Ambulat
330 3047 358 3092 et
372 3034 502 3110 Caprius,
516 3035 594 3090 rauci
605 3035 690 3106 male,
705 3055 824 3110 cumque
838 3038 955 3106 libellis;
1081 3041 1121 3095 65

180 3110 304 3186 Magnus
319 3124 434 3186 uterque
448 3111 530 3169 timor
544 3112 698 3169 latronibus
706 3132 713 3181 ;
734 3124 772 3184 at,
787 3115 858 3170 bene
872 3116 896 3172 si
909 3117 971 3189 quis

178 3188 216 3245 Et
228 3190 307 3264 puris
320 3189 393 3246 vivat
407 3191 545 3260 manibus,
561 3201 725 3246 contemnat
738 3202 894 3266 utrumque.

179 3265 216 3323 Ut
229 3268 269 3323 sis
282 3277 313 3323 tu
327 3267 426 3324 similis
440 3267 655 3341 Coell·Birrique
668 3269 817 3338 latronum,

177 3341 246 3400 Non
260 3363 316 3418 ego
329 3344 382 3400 sim
397 3345 493 3419 Capri,
508 3364 599 3418 neque
616 3345 712 3413 Sulci3
734 3364 785 3401 cur
799 3357 909 3404 metuas
922 3351 988 3406 mel

177 3419 266 3477 Nulla
279 3421 397 3477 taberna
411 3441 488 3478 meos
502 3423 604 3482 habeut
618 3441 709 3496 neque
723 3423 779 3497 pila
791 3423 909 3494 libellos,
1078 3430 1119 3485 70
1151 3495 1154 3500 .

176 3497 270 3558 Queis
285 3515 388 3554 manus
401 3499 514 3555 insudet
528 3500 602 3574 vulgi
617 3499 861 3574 Hermogenisque
875 3501 998 3578 Tigelli;

176 3573 241 3630 Nec
254 3575 372 3631 recitem
386 3577 527 3649 cuiquam,
542 3577 596 3632 nisi
610 3577 719 3646 amicis,
734 3577 816 3650 idque
830 3591 955 3651 coactus,

175 3649 242 3708 Non
257 3651 358 3721 ubivis
372 3671 501 3708 coramve
515 3653 768 3726 quibuslibet-In
782 3655 875 3711 medio
887 3658 934 3730 qui

176 3729 288 3803 Scripta
302 3728 361 3785 soro
374 3729 494 3785 recitent
508 3741 573 3786 sunt
587 3729 832 3804 multi-Quique
845 3731 985 3791 lavantes:

177 3806 270 3862 Suave
283 3805 363 3862 locus
378 3805 439 3862 voci
452 3818 562 3862 resonat
575 3807 734 3863 conclusus.
769 3805 873 3867 lnanes
932 3842 934 3845 ·
1076 3815 1116 3868 75

689 4034 698 4046 η
761 3957 1023 4097 8951705
1054 3928 1066 4037 ’.
