2550 4225
468 274 499 331 Q
516 274 662 327 HOMTH
677 276 801 330 runco!

293 444 296 449 ·
390 410 608 487 nasonicum
622 416 772 475 inviolatum
784 434 907 476 amana

313 488 372 546 Vos
385 487 528 551 cesarem
542 492 641 562 altum,
654 493 754 550 mitius
766 494 851 554 simul

311 564 414 622 Fessus
427 567 556 625 eohortes
569 568 678 626 abdidit
689 570 809 643 oppidis,

349 641 446 699 Finire
460 656 630 717 querentem
644 645 754 702 labores

388 719 481 781 Pierio
494 721 627 777 recreatis
640 732 729 778 antro.

311 795 370 852 Vos
382 796 447 853 lene
461 798 610 854 eonsilium
624 810 653 856 et
666 799 747 869 datis,
762 800 796 855 ei
804 801 869 858 dato

309 872 455 944 Gaudetis,
466 874 558 931 almae.
593 876 708 936 Scimus
719 886 751 933 ut
764 876 863 951 impios

350 948 470 1007 Titanas
483 952 691 1027 immanemque
704 964 826 1010 turmam

387 1021 521 1085 Fulmina
533 1030 676 1087 sustulerit
689 1033 808 1101 eaduoo,

307 1103 369 1164 Qui
384 1113 487 1160 terram
502 1105 632 1175 inertem,
646 1106 694 1178 qui
707 1126 785 1164 mare
799 1117 931 1181 tempera

309 1180 475 1251 ventosum,
488 1190 517 1237 et
530 1182 623 1251 urbes,
638 1200 780 1256 regnaque
793 1184 891 1264 tristia,

347 1256 499 1331 Divosque,
513 1258 698 1332 mortalesque
711 1261 816 1329 turbas,

220 1396 223 1407 ¹
385 1332 509 1409 Imperio
522 1336 594 1411 regit
608 1354 683 1392 unus
696 1356 784 1411 aequo.

307 1409 447 1485 Magnum
462 1412 509 1471 illa
521 1422 656 1469 terrorem
669 1414 802 1473 intulerat
814 1414 879 1473 Jovi

276 1503 281 1512 “
308 1486 416 1545 Fidens
426 1492 559 1564 juventus
573 1491 687 1547 horrida
699 1492 837 1563 brachiis,

347 1563 516 1641 Fratrssque
529 1568 678 1625 tendentes
690 1588 779 1644 opaco
813 1622 816 1627 .

385 1643 484 1702 Pelion
495 1646 661 1721 imposuisse
674 1646 805 1722 Olympo.

305 1720 364 1775 Sed
377 1722 444 1794 quid
459 1720 615 1795 Typhoeus,
630 1735 659 1779 et
672 1724 780 1801 validus
793 1724 906 1794 Mimas),

305 1796 366 1851 Aut
378 1797 446 1869 quid
460 1798 565 1855 minaei
579 1798 752 1873 Porphyrion
766 1811 849 1871 statu,

342 1872 424 1933 Quid
438 1874 570 1946 Rhoetus,
585 1876 742 1950 evulsisque
755 1879 864 1935 truncis

282 2017 284 2021 Ι
382 1943 544 2007 Enceladus
555 1953 693 2027 jaculator
706 1955 807 2025 audax,

303 2027 412 2084 ‘Contra
426 2040 572 2086 sonantem
588 2030 710 2086 Palladis
723 2032 814 2105 aegida
834 2044 837 2048 ·
867 2041 869 2044 “

196 2153 199 2162 ,
304 2103 424 2162 Possem
437 2108 570 2164 ruentesl
603 2106 682 2164 Hine
695 2108 793 2165 avidus
806 2107 883 2166 stetit

342 2181 488 2240 Vulcanus
495 2204 502 2252 3
524 2185 592 2242 hinc
605 2196 733 2243 matrona
746 2184 834 2257 Jnno,
848 2197 877 2242 et

361 2305 365 2312 ,
379 2258 534 2336 Nunquam
549 2263 674 2319 humeris
686 2263 827 2340 positurus
841 2281 948 2335 areum,

300 2335 362 2396 Qui
375 2356 437 2394 rore
450 2357 521 2412 puro
534 2339 666 2398 Castalis
679 2341 745 2399 lavit
782 2409 785 2414 ¹

300 2413 403 2471 Crines
416 2415 530 2488 solutos,
545 2419 592 2491 qui
606 2417 703 2492 Lyeiae
715 2430 795 2478 tenet

339 2489 465 2550 Dumeta
477 2495 655 2570 natalemque
668 2492 776 2566 silvam,

378 2569 478 2626 Delius
492 2582 520 2628 et
534 2571 669 2632 Patareus
683 2573 792 2646 Apollo.

246 2697 251 2704 ,
300 2645 353 2702 Vis
366 2646 466 2704 consili
481 2665 580 2722 expers
593 2645 667 2704 mole
680 2648 736 2705 ruit
749 2648 818 2702 sut:

298 2723 365 2778 Vim
379 2733 563 2800 temperatam
576 2723 606 2781 di
620 2741 731 2796 quoque
744 2724 902 2796 provehunt

337 2797 373 2855 In
387 2799 493 2873 majus:
515 2799 591 2856 idem
605 2797 693 2860 odere
706 2800 778 2859 vires

374 2874 474 2931 Omne·
483 2876 562 2935 nefas
575 2876 670 2934 animo
683 2889 852 2938 moventes·

298 2953 394 3010 Testis
407 2970 534 3013 mearum
548 2953 727 3012 centimanus
739 2953 836 3032 Gyges

274 3049 285 3066 r
298 3029 524 3098 Sententiarum
547 3043 630 3089 notus
641 3043 671 3088 et
684 3033 800 3108 integre

333 3107 471 3165 Tentator
485 3109 576 3166 Orion
589 3109 700 3180 Dianas,

372 3184 510 3260 virginet
524 3187 649 3244 domitus
662 3185 772 3259 sagitta

294 3261 402 3336 Injeeta
416 3264 548 3323 monstris
561 3274 638 3320 terra·
649 3261 725 3321 dolet
737 3263 806 3333 suis,

295 3337 453 3412 Moeretque
466 3351 564 3414 partus
576 3340 693 3398 fulmine
706 3339 831 3397 luridum

333 3414 437 3474 Missos
451 3418 486 3473 ad
500 3418 626 3476 Oreum:
647 3436 703 3475 nee
716 3418 826 3493 peredit

260 3496 263 3502 ‘
371 3491 534 3569 Impositum
547 3497 622 3552 celer
636 3496 711 3570 ignis
724 3493 849 3553 AEtuen:

294 3568 500 3628 Inaontinentis
514 3592 569 3632 neo
583 3572 661 3646 Tityi
672 3572 754 3647 jecur

194 3673 198 3682 ³
294 3645 441 3722 Relinquit
455 3651 521 3722 ales,
535 3651 669 3724 nequitis
682 3649 795 3709 additus
