2550 4225
393 310 637 359 EPISTOLARUM
656 314 720 361 LIB.
739 314 774 361 11.
791 316 813 359 2.

157 448 249 512 Quod
263 469 319 506 nou
333 448 413 524 plura
427 451 501 507 datis
515 451 669 507 invenerit:
691 462 827 508 ettamen
843 454 910 509 iden

158 528 240 584 Soire
254 527 345 585 volam
358 525 495 599 quantum
509 528 628 602 simplex
643 528 793 601 hilarisque
807 530 902 604 nepoti

156 603 316 679 Disorepet,
329 615 360 660 et
371 601 509 677 quantirm
522 605 666 661 discordet
679 624 782 681 paruus
795 624 886 663 avaro.

156 681 251 738 Distat
262 682 349 750 enirn,
364 700 479 755 spargas
492 691 541 736 tua
554 682 697 755 prodigus,
712 701 749 737 an
764 700 856 756 neque
870 694 1011 758 sumptum
1040 685 1096 741 195

156 758 267 817 Inritus
280 758 375 827 facias,
390 775 481 830 neque
491 757 573 832 plura
581 776 681 832 parare
695 758 819 825 labores;
912 812 916 816 ,

157 837 204 892 Ao
211 832 314 909 potiris,
328 852 398 909 puer
411 845 443 889 ut
456 834 534 889 iestis
543 834 772 909 Quinquatribus
785 836 861 906 olim,

156 913 269 987 Exiguo
282 923 417 986 gratoque
431 911 531 968 fruaris
543 923 669 985 tempore
683 912 792 985 raptim.
813 948 816 953 Δ

195 994 214 1019 “
228 989 382 1062 Pauperies
395 987 541 1044 immunda
553 989 650 1063 procul
664 989 761 1063 procui
777 989 862 1046 absit:
884 1007 947 1063 ego,
961 987 1055 1045 utrum

155 1066 238 1123 Nave
252 1066 324 1122 ferar
336 1066 440 1140 magud
454 1084 490 1121 an
503 1066 599 1139 parvd,
613 1066 686 1123 ferar
700 1084 774 1121 unus
787 1077 816 1122 et
827 1066 911 1121 idem.
1037 1066 1095 1123 200

155 1142 224 1200 Non
235 1144 344 1218 agimur
357 1142 473 1198 tumidis
482 1144 551 1199 veiis
562 1143 703 1217 Aquilone
718 1145 860 1211 secund03

154 1218 224 1277 Non
237 1231 333 1277 tamen
347 1219 469 1276 adversis
483 1231 593 1277 aetatem
606 1221 738 1276 ducimus
751 1220 880 1288 Austris;

154 1297 281 1368 Viribus,
295 1297 420 1370 ingenio,
433 1298 538 1370 specie,
552 1298 663 1367 virtute,
677 1298 750 1367 loco,
760 1317 801 1368 re,

155 1372 282 1431 Extremi
295 1374 459 1447 primorum,
472 1373 604 1447 extremis
617 1393 706 1447 usque
718 1375 835 1449 priores.

195 1456 214 1482 “
223 1450 292 1508 Non
301 1470 334 1506 es
343 1469 458 1507 avarus:
479 1452 533 1507 abi.
567 1452 670 1512 Quid?
690 1449 1018 1526 outerajamsimulisto
1035 1449 1094 1507 205

155 1529 230 1585 Cum
244 1528 311 1585 vitio
324 1526 442 1601 urgeret
461 1533 539 1584 caret
550 1528 604 1584 tibi
617 1539 717 1602 peetus
731 1528 808 1585 inani

156 1606 343 1664 Ambitione?
363 1616 441 1661 soret
454 1606 551 1660 mortis
565 1604 722 1675 formidine,
736 1616 766 1661 ot
778 1605 839 1661 irtt

155 1682 282 1754 Somnia,
296 1694 416 1739 terrores
427 1681 563 1754 magioos,
576 1682 721 1750 miracula,
735 1700 826 1755 sagas,

64 1772 71 1777 “
155 1760 319 1817 Nocturnus
331 1760 455 1816 lemures
466 1768 650 1833 portentaque
664 1757 803 1814 Thessala
816 1759 910 1815 rides?

155 1838 272 1895 Natales
284 1834 365 1912 gratd
378 1836 532 1892 numerosi
552 1834 677 1909 ignoscis
689 1835 808 1891 amicis?
980 1871 983 1877 =
1035 1835 1094 1892 210

154 1916 259 1972 leuior
272 1925 302 1970 et
314 1912 412 1969 melior
423 1912 458 1968 iis
468 1912 622 1969 ascedente
635 1912 771 1968 seneotdt

154 1992 237 2054 Quid
250 2003 278 2048 te
291 2001 421 2084 exempta
429 1990 508 2063 juvat
520 1990 610 2063 spinis
623 1990 659 2045 de
672 1990 798 2063 pluribus
809 1991 885 2046 una?

154 2070 259 2128 Vivere
272 2068 384 2126 sirecte
398 2067 501 2138 sessis,
515 2068 623 2125 decede
636 2067 741 2142 peritis.

154 2147 261 2205 Lusisti
274 2144 351 2216 satis,
364 2145 447 2202 edisti
460 2143 529 2202 satis
542 2157 625 2221 atque
640 2146 751 2202 bibisti:

155 2224 286 2300 Tempus
299 2224 376 2280 abire
390 2222 441 2280 tibi
454 2233 506 2293 est,
520 2241 561 2278 ne.
570 2234 667 2296 potum
681 2219 788 2296 largius
801 2240 880 2297 usquo
1034 2220 1093 2278 21⁵

155 2302 264 2359 Rideat
275 2312 307 2374 et
317 2301 409 2375 pulset
421 2300 525 2357 lasciva
537 2297 686 2356 decentiirs
696 2299 790 2355 aetm.”
