2550 4225
481 284 512 339 Q.
529 281 675 331 HORffll
691 283 815 333 succi

465 474 471 484 ”
562 449 729 557 onnon.

542 632 582 673 AD
596 588 744 675 motmunt.
784 675 786 678 ,

309 712 447 795 uicaria
461 734 546 805 vives,
560 733 666 805 Licini,
679 753 772 809 neque
785 736 873 792 cltum

309 812 428 887 Semper
441 812 579 887 urgendo,
593 830 696 886 neque,
710 814 778 869 dum
792 814 929 889 procellae

309 889 418 947 Cautus
432 890 579 961 horrescis,
593 887 714 947 nimium
727 893 884 966 premendo

505 967 599 1025 Littus
619 968 758 1041 iniquum.

309 1046 437 1101 Auream
450 1045 576 1117 quisquis
590 1046 815 1103 mediocritatem

309 1122 420 1195 Diligit,
434 1132 511 1177 tutus
525 1132 602 1177 caret
615 1123 733 1179 obsoleti
800 1172 805 1179 .

310 1200 446 1255 Sordibus
460 1198 538 1267 tecti,
552 1210 629 1253 caret
643 1199 796 1255 invidendi

506 1276 624 1333 Sobrius
638 1276 713 1335 aule.

310 1352 420 1412 Sevius
433 1353 523 1411 ventis
537 1354 658 1428 agitatur
673 1355 774 1430 ingens

309 1433 412 1492 Pinus:
433 1442 463 1488 et
476 1432 559 1488 celsae
573 1432 701 1507 graviore
714 1450 784 1490 casn

309 1510 455 1570 Decldunt
468 1522 573 1567 turres:
594 1510 754 1585 feriuntque
767 1530 892 1571 summos

306 1600 311 1609 ·
449 1646 452 1649 Α
506 1588 634 1663 Fulgura
646 1601 765 1647 montes.

309 1668 410 1741 Sperat
424 1667 542 1737 infestis,
556 1668 657 1723 metuit
670 1668 814 1739 secundis,

309 1745 437 1802 Alteram
450 1755 555 1801 sortem
570 1745 643 1799 bene
657 1757 843 1819 preparatum

309 1822 421 1879 Pectus.
456 1820 596 1877 lnsormes
610 1822 719 1877 hiemes
733 1823 857 1879 reducit·
876 1874 884 1885 ,

505 1898 627 1973 Jupiter,
642 1899 719 1955 idem
801 1913 807 1923 ·

309 1978 471 2034 Submoret.
491 2024 494 2039 .
506 1975 585 2048 Non,
600 1978 623 2033 si
637 1975 713 2033 male
727 1996 815 2049 nunc,
829 1979 937 2037 et'olim

309 2056 358 2113 Sic
366 2055 441 2113 crit:
461 2056 604 2130 quondam
618 2054 728 2114 cithara
741 2066 884 2123 tacentem

309 2135 434 2191 Suscitat
447 2132 572 2206 Musam,
587 2152 680 2207 neque
694 2152 804 2210 semper
817 2153 915 2191 arcum

505 2211 623 2282 Tendit,
639 2211 751 2286 Apollo,

308 2289 410 2346 Rebus
423 2289 552 2366 angustis
564 2291 710 2348 animosus
723 2301 807 2366 atque

302 2367 402 2436 §Fortis
415 2387 534 2445 appare:
556 2369 697 2444 sapienter
711 2370 788 2426 idem

309 2446 467 2506 Contrahes
480 2459 565 2506 vento
577 2445 699 2506 nimium
712 2449 841 2506 secundo

505 2525 637 2602 Turgida
651 2527 721 2586 vela.

525 2787 529 2794 ¹
553 2833 636 2905 one
657 2832 744 2890 vrn.

526 2923 761 3014 mamm·

280 3115 285 3127 ,
309 3071 394 3134 Quin
407 3069 559 3128 bellicosus
571 3069 727 3140 Cantaber,
740 3081 770 3126 et
782 3070 913 3143 Scythes,

311 3149 432 3224 Hirpine
445 3147 580 3218 Quincti,
593 3147 709 3222 cogitet,
724 3145 835 3204 Hadru

350 3225 467 3284 Dirisus
478 3224 599 3301 objecto,
613 3225 739 3282 remittas

388 3304 547 3366 Quaerere:
568 3321 624 3360 nco
637 3302 761 3378 trepides
773 3302 804 3358 in
817 3319 901 3358 ustrm

312 3382 461 3440 Poscentis
473 3381 525 3438 aevi
538 3399 638 3456 pauca.
673 3379 759 3454 Fugit
772 3389 847 3435 retro
879 3412 887 3415 -

312 3457 396 3518 lc'vis
409 3458 556 3529 luventas,
569 3469 600 3515 et
611 3457 715 3527 Decor,
729 3456 809 3513 aride

352 3536 479 3596 Pellente
492 3536 611 3594 lascivos
624 3535 746 3591 Amores

391 3615 516 3684 Canitie,
530 3613 698 3686 facilemque
712 3613 860 3670 Somnum.

313 3692 342 3750 N
344 3713 382 3750 on
395 3711 505 3768 semper
519 3692 595 3748 idem
609 3690 724 3748 floribus
734 3703 778 3749 est
791 3692 879 3749 honor

314 3771 436 3838 Vernis;
456 3787 549 3843 neque
564 3788 622 3826 uno
636 3769 718 3826 Luna
732 3769 837 3826 rubens
850 3770 921 3826 nitet
