2550 4225
503 352 641 402 EPODON
657 354 768 403 Lim
813 384 817 391 ,

300 493 437 569 Priusque
451 495 555 552 ooelum
569 494 642 551 sidet
655 494 773 551 inferius
784 496 865 564 mari,

457 571 574 627 Tellure
586 571 716 645 porreotd
729 582 822 644 super,

299 648 399 710 Quam
413 667 468 705 non
483 666 577 705 amore
592 649 633 703 sio
647 666 712 703 meo
725 647 836 722 flagres,
850 645 891 704 uti

457 726 590 781 Bitumen
604 726 672 780 atris
685 724 806 799 ignibus.
810 726 826 751 ”

303 804 362 858 Sub
377 804 438 859 hree
452 822 521 875 puer
532 803 590 877 jam
605 820 672 871 non,
687 812 718 857 ut
731 800 809 872 antri,
823 801 954 857 mollibus
979 804 984 810 '

458 879 560 935 Lenire
575 879 687 935 verbis
680 879 794 951 impias;

303 959 370 1027 Sed,
385 958 487 1011 dubius
502 974 551 1011 un
543 957 577 1011 ie
591 966 735 1032 rumperet
747 954 899 1024 silentium,

460 1032 538 1089 Misit
552 1032 711 1106 Thyesteas
724 1050 839 1107 preces:

304 1112 452 1166 “Venena
456 1128 612 1185 ,magnum
627 1110 668 1165 fas
681 1110 836 1198 nefasque,
839 1127 897 1165 non
911 1109 1004 1166 valent

460 1187 630 1243 Convertere
646 1186 836 1243 humanam
812 1204 911 1243 vroem.

304 1265 379 1319 Diris
393 1282 474 1337 agam
488 1282 553 1321 vos.
574 1264 635 1319 dira
649 1265 797 1322 detestatio

458 1340 546 1397 Nulla
560 1341 687 1415 expiatur
700 1342 823 1398 victima.

301 1419 392 1488 Quin,
407 1418 454 1475 ubi
468 1419 558 1491 perire
569 1418 665 1491 j'ossus
677 1419 863 1492 exspiravere,

381 1526 383 1531 ·
458 1494 624 1551 Nocturnus
636 1513 785 1551 oeeurram
798 1496 900 1565 Furor,

303 1572 454 1644 Petamque
468 1572 560 1627 vultus
571 1572 674 1629 umbra
686 1572 779 1627 curvis
791 1573 945 1646 unguibus,

458 1647 572 1709 Quae
548 1666 590 1703 vrs
603 1647 730 1703 Deorum
743 1658 787 1703 est
800 1648 947 1717 Manium3

302 1725 360 1781 Et'
353 1723 487 1799 inquietis
500 1725 633 1781 adsidens
646 1724 817 1798 precordiis,

458 1801 564 1859 Pavore
578 1820 691 1859 somnos
701 1798 865 1858 auferam.

302 1879 361 1937 Vos
375 1880 457 1936 turba
469 1879 582 1935 vicatim
597 1880 665 1935 hino
677 1889 707 1934 et
719 1880 788 1936 hino
801 1878 877 1937 sexis
885 1890 984 1955 petens

458 1956 622 2013 contundet
633 1955 783 2013 obseoenas
795 1975 875 2013 anus.

302 2032 370 2093 Pdst
384 2033 524 2109 insepulta
537 2034 664 2089 membra
677 2032 809 2091 different
821 2034 881 2109 lupi

457 2111 494 2180 Et
508 2113 547 2171 Es
548 2112 663 2194 quiliuae
677 2112 774 2172 alites·
842 2121 845 2124 ’
1064 2115 1121 2173 100

301 2201 403 2276 Neque
417 2200 471 2257 hoe
483 2207 625 2274 parentes,
640 2195 713 2252 heu!
735 2193 804 2249 mihi
818 2193 997 2269 superstites!

458 2275 596 2359 Effugerit
609 2271 830 2349 spectaculum'’

547 2667 713 2728 ousvr.

285 2810 314 2850 ΙΝ
338 2807 465 2846 cassum
485 2801 635 2858 SEVERUM,
656 2803 778 2841 roam
798 2802 984 2842 namurcum.

302 2905 387 2966 Qum
402 2905 581 2959 immerentes
595 2902 718 2974 hospites
731 2920 825 2972 vexas,
839 2902 928 2975 oanis,

459 2977 583 3052 Ignarus
597 2977 745 3033 adversum
758 2979 869 3066 lupos?

303 3059 386 3140 Quin
400 3055 478 3112 huo
471 3071 581 3123 manes,
595 3053 617 3108 si
631 3064 721 3127 potes,
735 3055 819 3110 vertis
832 3056 934 3127 miuus,

462 3131 499 3188 Et
513 3149 558 3186 me
573 3147 763 3187 remorsurum
775 3131 868 3205 petis?

306 3212 392 3282 Nam,
406 3209 497 3284 qualis
510 3218 558 3264 aut
572 3205 713 3263 Molossus
726 3216 775 3262 aut
789 3207 880 3263 sulvus
893 3207 1000 3278 Lacon,

396 3331 401 3346 .
463 3285 603 3342 Amica
579 3303 620 3340 vrs
633 3284 800 3372 pastoribus,

284 3356 290 3367 ’
307 3369 432 3440 Agamp
433 3383 463 3420 er
477 3363 547 3419 altas
562 3381 628 3418 aure
643 3361 794 3417 sublata
765 3379 854 3432 mres,

461 3440 650 3513 Quaeeunque
663 3439 805 3512 praeeedet
817 3438 883 3494 fera.

307 3518 354 3574 Tu
358 3535 466 3593 ‚quum
480 3517 606 3574 timendi
619 3535 689 3572 vooe
702 3513 850 3589 oompidsti
863 3534 974 3588 nemus,

464 3594 624 3668 Projeotum
637 3593 764 3649 odoraris
776 3592 880 3649 eibum.
1088 3593 1126 3649 10

308 3673 395 3744 Cave,
409 3689 477 3728 eave
481 3688 622 3744 ,namque
636 3670 667 3724 in
680 3670 768 3726 malos
781 3671 951 3744 asperrimus

464 3717 564 3806 P’arata
577 3747 646 3804 tollo
657 3764 780 3805 cornua:
