2550 4225
490 241 726 329 ras'noarrcr'.¹

194 420 341 481 AEmilium
355 420 433 477 circa
445 419 544 477 ludum
558 420 636 476 faber
650 420 724 475 imus
736 431 765 477 et
778 436 887 495 ungues

153 491 301 573 Exprimet
314 509 343 555 et
355 498 455 555 molles
469 498 622 559 imitabitur
636 514 692 553 aare
705 498 836 572 capillos;

154 576 264 633 lnirlix‘
269 576 362 650 operis
372 576 494 645 summi,
507 575 574 650 quia
586 593 692 650 ponere
705 586 793 631 toturn

155 654 292 710 Nesciet:
312 655 390 710 hunc
403 670 458 727 ego
470 670 527 722 me,
540 652 565 708 si
578 651 646 725 quid
661 671 830 726 componere
844 672 951 724 curem,

155 730 223 789 Non
237 727 328 805 magis
340 749 404 787 esse
417 730 511 803 velim,
525 727 610 803 qndm
623 748 710 803 pravo
723 731 814 787 vivere
829 749 907 801 naso,

155 809 348 883 Spectandum
362 807 450 882 nigris
463 808 562 877 oculis,
577 805 713 881 nigroque
727 808 834 883 capillo.

194 886 306 942 Sumite
320 884 467 941 materiam
481 886 589 955 vestris,
603 885 652 959 qui
666 886 798 958 scribitis,
812 904 920 961 requam

155 963 288 1031 Viribus;
309 974 339 1019 et
350 974 456 1019 versate
470 962 520 1018 diu
533 963 599 1036 quid
615 964 687 1019 ferre
701 974 843 1036 recusent,

154 1039 236 1101 Quid
250 1041 361 1096 valeant
374 1040 499 1097 humeri:
521 1040 569 1095 cui
583 1039 797 1116 lectapctenter
811 1043 865 1099 erit
877 1062 932 1113 res,

154 1116 224 1174 Nec
233 1118 367 1174 facundia
380 1119 491 1175 deseret
505 1119 591 1188 bunc,
606 1136 661 1174 nec
675 1119 786 1175 lucidus
798 1121 874 1177 ordo.

193 1195 313 1252 Ordinis
326 1197 388 1251 haec
401 1196 488 1252 virtus
500 1196 556 1252 erit
567 1206 596 1251 et
609 1214 708 1267 venus,
722 1206 771 1261 aut
784 1216 838 1271 ego
852 1198 940 1268 fallor,

155 1272 194 1330 llt
204 1273 264 1348 jam
278 1292 357 1330 nunc
371 1273 456 1343 dicat,
467 1273 526 1347 jam
541 1291 620 1329 nuuc
633 1274 766 1330 debentia
780 1275 837 1330 dici

155 1351 293 1426 Pleraque
306 1350 426 1422 differat,
440 1362 470 1407 et
481 1370 606 1426 praesens
620 1351 649 1407 in
664 1362 775 1427 tempus
787 1353 904 1409 omittat.

194 1427 232 1485 lu
245 1427 337 1485 verbis
349 1429 435 1484 etiam
449 1428 544 1485 tenuis
556 1440 712 1502 cautusque
726 1430 862 1501 serendis,

156 1506 222 1564 Hoc
234 1517 320 1578 amet,
334 1507 390 1583 lpoc
402 1516 517 1580 spernat
529 1506 658 1580 promissi
673 1508 808 1563 carminis
822 1520 927 1564 auctor.

155 1584 269 1641 Dixeris
281 1581 408 1660 egregie,
421 1594 518 1639 notum
534 1583 558 1637 si
571 1584 673 1639 callida
684 1586 799 1639 verbum

155 1662 325 1719 Reddiderit
335 1662 470 1735 junctura
482 1679 595 1716 novum.
637 1662 670 1717 Si
683 1659 753 1718 sorte
770 1680 885 1719 necesse
899 1676 942 1719 est

154 1740 274 1797 Iudiciis
287 1750 443 1796 monstrare
456 1739 620 1804 recentibus
632 1740 728 1797 abdita
741 1758 845 1813 rerum,

154 1819 279 1895 Fingere
292 1817 426 1874 cinctutis
439 1836 497 1874 non
511 1818 645 1873 exaudita
658 1818 793 1893 Cethegis

154 1897 324 1971 Continget:
345 1895 512 1970 dabiturque
525 1896 642 1952 licentia
655 1907 766 1970 sumpta
776 1898 913 1972 pudenter
928 1918 932 1953 :

154 1975 192 2032 Et
205 1993 278 2032 nova
291 1974 412 2047 fictaque
426 1992 515 2049 nuper
530 1974 677 2032 habebunt
691 1976 774 2031 verba
788 1974 883 2047 sidem,
895 1978 918 2032 si

153 2055 258 2112 Graeco
271 2053 347 2109 fonte
360 2052 473 2123 cadant,
484 2050 569 2127 parce
584 2053 701 2111 detorta
720 2044 727 2059 ⁸
742 2053 823 2114 Quid
839 2066 932 2113 autem

154 2133 274 2190 Caecilio
285 2132 440 2205 Plautoque
454 2131 532 2188 dabit
546 2131 696 2188 Romanus
710 2134 871 2208 ademptum

154 2211 276 2286 Virgilio
291 2209 451 2283 Varioquel
470 2228 525 2283 ego
538 2227 599 2279 cur,
614 2212 759 2283 acquirere
770 2231 861 2284 pauca

155 2289 187 2346 Si
201 2306 324 2365 possum,
339 2288 475 2357 invideor,
488 2305 574 2359 quum
589 2289 686 2361 lingua
700 2289 817 2344 Catonis
831 2299 859 2345 et
874 2290 951 2346 Enni

155 2369 322 2424 Sermonem
337 2365 456 2439 patrium
471 2364 609 2435 ditaverit,
623 2376 652 2420 et
667 2385 738 2421 uovn
752 2385 845 2421 rorum

156 2445 283 2502 Nomina
295 2443 461 2518 protuleritl
500 2443 595 2499 Licuit
609 2462 773 2516 semperque
787 2444 883 2500 licebit

156 2524 306 2599 Signatum
319 2532 457 2596 praesente
471 2522 538 2577 notai
552 2521 708 2595 producere
722 2541 833 2577 nomen.

155 2601 194 2659 Ut
206 2601 284 2657 silvae
298 2600 371 2656 loliis
384 2617 487 2672 pronos
501 2609 646 2655 mutantur
660 2600 689 2655 in
704 2619 802 2669 annos,

105 2699 118 2736 .·
155 2679 252 2737 Prima
265 2679 387 2744 caduut3
408 2677 447 2733 ita
460 2678 608 2734 verborum
622 2688 702 2734 vetus
717 2678 810 2736 interit
824 2691 900 2750 retas,

155 2758 194 2814 Et
203 2758 340 2833 juranum
354 2755 408 2810 ritu
422 2754 522 2812 florent
536 2754 620 2812 modo
635 2767 711 2827 nata,
723 2757 880 2831 vigentque.

155 2836 301 2892 Debemur
314 2833 396 2889 morti
412 2852 464 2889 uos
477 2847 643 2907 nostraque;
665 2835 722 2890 siue
734 2851 863 2912 receptus

155 2913 249 2970 Terra
263 2911 416 2986 Neptunus
429 2910 534 2966 classes
549 2911 738 2984 Aquilonibus
751 2925 837 2983 arcet,

155 2991 248 3066 Regis
260 3008 347 3064 opus3
368 2988 525 3062 sterilisque
538 2989 589 3043 diu
601 2989 646 3061 pal
652 3007 693 3057 us,
708 3001 825 3063 aptaque
839 2987 933 3058 remis,

154 3065 274 3126 Vicinus
288 3067 371 3122 urbes
384 3067 433 3122 alit
445 3078 474 3122 et
486 3085 571 3140 grave
585 3066 670 3121 sentit
684 3080 805 3125 aratrum
818 3088 824 3135 3

155 3149 215 3204 Seu
229 3163 344 3202 cursum
359 3145 476 3201 mutavit
489 3144 618 3217 iniquum
632 3144 761 3219 frugibus
775 3146 874 3214 amnis,

133 3241 138 3250 '
154 3225 265 3282 Doctus
279 3223 331 3278 iter
345 3222 454 3278 melius.
496 3221 627 3278 Mortalia
641 3223 714 3278 sacta
728 3224 874 3296 peribuut;

154 3302 272 3359 Nedum
287 3318 448 3356 sermonum
463 3310 517 3356 stet
532 3302 632 3371 honos,
647 3312 676 3357 et
689 3301 778 3374 gratia
793 3300 880 3356 vivax.

156 3380 249 3438 Multa
262 3389 446 3434 renascentur
459 3396 521 3453 quae
533 3379 591 3452 jam
605 3379 747 3449 cecidere,
762 3379 920 3453 cadentque

154 3459 232 3520 Quae
246 3473 326 3512 nunc
339 3465 405 3510 sunt
418 3455 448 3511 iu
462 3457 578 3526 honore,
592 3456 738 3526 vocabula,
753 3457 776 3511 si
790 3457 863 3512 volet
876 3475 953 3527 usus,

154 3536 253 3597 Quem
266 3551 356 3608 penes
369 3533 514 3588 arbitrium
528 3544 571 3589 est
584 3545 613 3589 et
623 3534 671 3608 jus
684 3545 712 3589 et
726 3553 824 3590 norma
838 3534 977 3608 loquendi.

195 3613 258 3669 Res
271 3621 358 3686 geste
372 3628 526 3684 regumque
540 3612 700 3684 ducumque
725 3622 754 3667 et
766 3611 855 3667 tristia
869 3612 941 3668 bella

154 3690 225 3752 Quo
238 3687 324 3744 scribi
337 3699 451 3762 possent
462 3706 588 3757 numero,
594 3689 758 3745 monstrarit
772 3689 921 3746 Homerus.

195 3764 335 3826 Versibus
348 3764 491 3840 impariter
502 3765 608 3838 junctis
621 3767 798 3840 querimonia
808 3765 941 3842 primurn,
