2550 4225
498 276 694 325 CARMINUM
711 278 775 325 LIB.
793 279 814 325 1.
1104 279 1143 336 17

243 415 336 473 Mixta
347 433 447 472 senum
461 434 495 471 ac
505 416 638 490 juvenum
654 416 806 473 densentur
821 418 938 487 sunera3
958 417 1069 476 nullum

399 492 480 547 Saeva
493 504 578 567 caput
590 493 758 566 Proserpina
771 494 849 569 sugit.
1100 494 1141 551 2⁰

242 570 292 627 Me
305 587 415 644 quoque
429 569 528 646 devexi
542 569 655 643 rapidus
669 589 764 626 comes
777 572 894 629 Orionis

397 644 517 720 Illyricis
530 645 624 702 Notus
637 647 730 703 obruit
743 649 834 704 undis.

241 724 282 782 At
294 735 335 795 tu,
350 733 445 792 nauta,
459 741 536 797 vagae
551 742 587 778 ne
600 741 685 797 parce
699 725 839 798 malignus
852 743 944 783 arente

398 799 519 855 Ossibus
532 812 561 857 et
574 801 659 873 capiti
674 801 820 857 inhumato

241 878 409 935 Particulam
425 877 508 931 dare:
530 877 580 946 sic,
594 878 781 950 quodcunque
795 878 947 937 minabitur
960 878 1053 935 Eurus
1097 878 1139 935 25

397 952 545 1009 Fluctibus
559 953 714 1027 Hesperiis,
729 955 883 1010 Venusinae

241 1030 403 1088 Plectautur
417 1030 504 1098 silvae,
519 1042 546 1085 te
559 1032 679 1103 sospite;
699 1030 843 1105 multaque
857 1051 975 1104 merces,

396 1106 479 1163 Unde
490 1118 590 1179 potest,
605 1108 655 1163 tibi
670 1107 776 1164 defluat
788 1128 869 1182 aequo

241 1185 288 1241 Ab
298 1184 378 1255 Jove,
392 1182 581 1257 Neptunoque
595 1186 667 1240 sacri
680 1186 796 1240 custode
811 1184 947 1243 'Parentil

395 1259 525 1334 Negligis
538 1262 685 1317 immeritis
698 1264 856 1327 nocituram
1099 1262 1139 1318 uu

239 1338 389 1395 Postmodo
402 1348 429 1393 te
444 1338 516 1394 uatis
530 1337 655 1393 fraudem
670 1340 865 1395 committerel
898 1338 969 1396 Fors
981 1351 1011 1396 et

394 1411 498 1503 Dc*
508 1415 572 1488 jura
586 1416 715 1488 vicesque
729 1416 855 1489 superbae

239 1492 286 1548 Te
299 1501 433 1548 maneant
447 1509 554 1564 ipsum:
576 1494 707 1564 precibus
721 1510 779 1554 non
793 1492 902 1565 linquar
914 1492 1028 1559 inultis;

395 1568 496 1639 Teque
510 1568 620 1640 piacula
634 1568 711 1623 nulla
725 1568 869 1623 resolvent.

237 1645 410 1720 Quanquam
425 1644 549 1713 festinae,
565 1663 620 1699 uon
634 1655 677 1700 est
691 1663 768 1700 mora
781 1644 879 1718 louga3
900 1645 995 1703 licebit
1097 1646 1137 1702 ³⁵

396 1720 505 1795 lnjectc
519 1732 561 1775 ter
574 1722 688 1795 pulvere
701 1723 825 1777 curras.”

542 2024 624 2082 ODE
645 2025 758 2082 XXIV.

565 2161 604 2198 An
618 2161 731 2199 lccwltt.

316 2259 389 2329 Iccl,
403 2259 492 2315 beatis
506 2276 583 2314 nunc
598 2256 725 2312 Arabum
740 2257 848 2314 invides

314 2336 413 2404 Gazis‚
427 2347 456 2391 et
469 2352 563 2390 acrem
577 2332 706 2388 militiam
719 2352 801 2405 paras

354 2410 422 2465 Non
436 2407 502 2464 antri
517 2407 634 2463 devictis
649 2408 756 2462 Sabaeae

395 2485 535 2560 Regibus,
549 2483 731 2556 horribilique
745 2482 833 2540 Medo

315 2564 416 2622 Nectis
430 2575 552 2619 catenas.
594 2560 670 2620 Quae
684 2562 734 2617 tibi
748 2562 897 2636 virginum,

316 2643 425 2716 Sponso
439 2651 549 2710 necato,
564 2638 682 2695 barbara
695 2639 816 2696 servietl

353 2719 427 2775 Puer
441 2718 503 2792 quis
523 2736 559 2772 ex
569 2716 635 2772 aulai
649 2717 756 2790 capillis
817 2786 820 2790 ι

393 2796 441 2850 Ad
454 2796 586 2868 cyathum
600 2806 736 2850 statuetur
751 2795 854 2866 ucetia,

315 2873 423 2930 Doctus
436 2873 551 2946 sagittas
564 2874 680 2927 tendere
694 2871 806 2927 Sericas

316 2951 394 3008 Arcu
408 2949 543 3023 paternol
575 2947 652 3006 Quis
665 2959 751 3019 neget
764 2946 859 3002 arduis

351 3027 459 3083 Pronos
473 3023 560 3079 relabi
572 3041 655 3096 posse
669 3023 742 3077 rivos

392 3102 547 3169 Montibus
562 3111 591 3156 et
603 3099 733 3155 Tiberim
746 3099 864 3167 reverti3

312 3182 412 3243 Quum
426 3191 456 3236 tu
470 3183 615 3252 coemptos
629 3177 752 3250 undique
766 3175 873 3232 nobiles

314 3259 414 3315 Libros
427 3256 544 3324 Panaeti,
558 3255 732 3311 Socraticam
747 3265 776 3309 et
789 3253 914 3324 domum,

353 3334 465 3390 Mutare
480 3334 572 3389 loricis
587 3332 686 3403 Iberis,

391 3411 536 3469 Pollicitus
548 3411 673 3480 meliora,
686 3408 798 3465 teudisl

391 3487 439 3545 2*
