2550 4225
386 412 389 419 ,
489 362 521 418 o.
540 362 685 411 nostru
701 327 824 414 uincor

576 581 660 639 ODE
673 582 744 639 XII.

507 718 547 755 an
568 718 671 757 aarum
689 718 816 777 marran.

326 813 404 884 AEm,
419 826 527 873 vetusto
542 818 643 873 nobilis
657 818 694 873 ab
707 818 807 889 Lamo,

326 888 465 965 (Quando
479 905 508 950 et
520 895 626 969 priores
641 895 709 951 hinc
722 894 835 952 Lamias
849 892 942 953 serunt

364 968 578 1043 DenominatoS,
592 985 621 1029 et
634 984 768 1049 nepotum

400 1046 454 1103 Per
469 1068 608 1107 memores
621 1070 712 1125 genus
725 1069 810 1108 omne
821 1050 905 1108 fastos

323 1125 450 1182 Auctore
466 1126 501 1181 ab
515 1128 562 1183 iilo
576 1128 656 1183 ducit
668 1128 817 1201 originem,

321 1200 383 1261 Qui
398 1200 573 1259 Formiarum
588 1204 692 1259 moenia
705 1206 807 1260 dicitur

346 1276 506 1357 ‘Princeps
521 1293 549 1337 et
563 1281 708 1337 innantem
723 1280 839 1337 Marica²

399 1358 552 1414 Littoribus
565 1359 690 1415 tenuisse
704 1359 802 1431 Lirim,
854 1368 858 1376 '

322 1432 393 1491 Late
408 1436 573 1513 tyrannus);
596 1455 659 1494 cras
674 1436 748 1493 soliis
761 1455 862 1493 nemus

322 1510 421 1569 Multis
434 1523 462 1569 et
476 1514 540 1589 algri
554 1513 631 1572 littus
645 1514 738 1571 inutili

359 1589 490 1647 Demissa
503 1602 655 1668 tempestas
668 1593 703 1648 ab
717 1591 794 1649 Euro

402 1670 525 1740 Sternet,
540 1690 618 1745 aquae
632 1671 687 1727 nisi
702 1670 773 1727 fallit
786 1688 877 1745 augur

321 1747 441 1804 Annosa
454 1749 560 1804 cornix.
603 1748 680 1804 Dum
694 1760 784 1823 potes,
799 1748 910 1804 aridum

321 1825 468 1899 Compone
481 1824 606 1899 lignum:
629 1842 692 1879 cras
705 1824 829 1880 Genium
843 1842 922 1881 mero

359 1901 489 1972 CurabiS,
504 1912 532 1958 et
545 1920 631 1977 porco
645 1901 780 1972 bimestri,
934 1975 938 1982 Ι

399 1978 474 2035 Cum
490 1980 600 2037 famulis
613 1997 731 2054 operum
745 1978 850 2037 solutis.
933 2043 937 2049 ,

559 2291 644 2350 ODE
656 2292 743 2350 XIII.

524 2467 530 2472 ,
553 2427 593 2466 ΑΙ)
615 2431 748 2470 nauum.

320 2525 437 2597 Fauian,
452 2525 649 2604 Nympharum
664 2528 822 2605 fugientium
836 2540 952 2601 amator,

318 2603 373 2660 Per
386 2622 464 2662 meos
477 2604 549 2662 fines
562 2615 591 2662 et
604 2607 699 2681 aprica
712 2626 778 2664 rura
825 2628 828 2639 ¹

317 2681 405 2738 Lenis
419 2683 544 2752 incedas,
559 2684 698 2756 abeasque
713 2684 804 2757 parvis

514 2759 623 2832 AEquus
637 2760 774 2817 alumnis:

242 2901 244 2904 ¹
318 2837 349 2892 si
364 2847 443 2892 tener
456 2836 538 2909 pleno
552 2838 628 2893 cadit
643 2837 741 2894 haedus
754 2856 839 2909 anno,

318 2913 410 2987 Larga
423 2932 478 2969 nec
492 2915 594 2972 desunt
606 2914 729 2972 Veneris
742 2915 831 2972 sodali

297 2993 300 3000 ’
317 2991 394 3048 Vina
408 3002 532 3062 crateras,
547 3004 625 3050 vetus
640 3013 689 3050 ara
702 2993 791 3051 multo

508 3069 612 3128 Fumat
624 3073 719 3129 odore.

318 3147 404 3206 Ludit
419 3150 536 3206 herboso
550 3147 736 3225 pecus'omne
751 3169 861 3225 campo,

316 3225 416 3286 Quum
430 3227 481 3283 tibi
496 3226 588 3283 Nona
601 3228 722 3283 redeunt
735 3225 925 3283 Decembres:

318 3303 420 3362 Festus
434 3305 463 3362 in
477 3307 563 3380 pratis
578 3315 658 3361 vacat
670 3305 760 3361 otioso

513 3383 587 3438 Cum
601 3382 672 3438 bove
684 3400 790 3457 pagus:

318 3457 396 3516 Inter
410 3459 533 3516 audaces
546 3459 628 3533 lupus
642 3471 716 3516 errat
730 3478 834 3535 agnos:

319 3537 433 3612 Spargit
446 3549 570 3612 agrestes
583 3537 634 3593 tibi
648 3538 717 3594 siIva
731 3538 860 3596 frondes:

317 3613 432 3671 Gaudet
445 3616 563 3671 invisam
577 3616 717 3690 pepulisse
731 3617 818 3674 sossor

514 3692 574 3750 Ter
588 3695 661 3766 pede
671 3707 782 3752 terram.
