2550 4225
522 304 661 354 ueouers
678 306 788 355 usse
1082 276 1085 281 ’
1101 309 1142 369 83

476 442 543 501 Dux
556 444 637 519 fugit,
651 433 721 501 ustis
734 444 861 516 nuribus,

200 586 205 603 ι
322 520 449 579 Minatur
462 521 524 577 urbi
532 522 640 593 vinela,
654 540 717 595 quie
730 523 887 580 detruent

477 600 572 655 Servis
585 600 695 655 amicus
704 599 837 671 perfidist
1105 601 1141 656 10

322 674 481 746 Romanus,
494 676 584 733 eheu!
608 675 726 750 (posteri
735 676 905 751 negabitisl)
1156 719 1159 723 -

479 751 684 827 Emanciputus
696 752 829 824 frumine,

321 829 389 886 Fert
401 829 506 886 vellum
519 839 548 886 et
560 848 638 885 arura
651 829 742 899 miles,
756 841 786 885 et
798 830 968 903 spadonibus

476 906 587 963 Servire
597 907 710 981 rugosis
722 916 830 980 puteet3

325 983 459 1058 Interque
473 984 555 1058 signu
568 994 650 1058 turpe
661 984 792 1039 militaris
819 1046 824 1053 ,

475 1060 524 1117 Sol
539 1061 659 1135 udspieit
671 1061 832 1135 uouopium.

321 1138 367 1194 Ad
383 1139 436 1194 hoe
447 1137 599 1195 frementes
612 1148 755 1194 verterunt
768 1138 811 1194 bis
824 1137 901 1193 mille
914 1153 1000 1211 equos

474 1216 560 1287 Galli,
574 1226 711 1274 canentes
723 1215 884 1283 Caesarem

320 1292 526 1367 Hostiliumque
539 1293 654 1349 nuvium
665 1303 748 1366 portu
761 1293 850 1349 latent

475 1370 586 1445 Puppes
600 1367 792 1426 sinistrorsdm
805 1371 877 1426 cite.

319 1447 351 1503 Io
365 1446 538 1522 Triumphe!
560 1458 591 1503 tu
605 1448 721 1503 moraris
735 1465 833 1504 eureos

473 1522 592 1594 Currus,
605 1534 634 1579 et
648 1525 768 1579 intectus
782 1524 881 1580 boves:

318 1600 351 1659 Io
364 1600 540 1675 Triumphe!
562 1618 616 1657 neu
630 1600 802 1675 Jugurthiuo
814 1620 910 1675 purem

475 1678 553 1735 Bello
566 1678 715 1751 reportent
728 1678 847 1745 dueem3

317 1755 419 1830 Neque
433 1756 578 1826 Africano,
593 1756 641 1812 eui
655 1774 738 1830 super
752 1755 954 1829 Carthaginem

472 1833 570 1889 Virtus
583 1833 743 1906 sepulerum
757 1833 891 1889 condidit.

318 1910 410 1967 Terre
424 1910 548 1984 marique
562 1911 653 1967 vietus
667 1910 754 1966 hostis
768 1910 878 1967 Puuioo

473 1987 605 2063 Lugubre
619 1988 737 2044 mutuvit
750 2006 865 2063 sugum3

319 2066 378 2122 Aut
392 2063 437 2121 ille
451 2076 565 2123 eentum
579 2065 703 2124 nobilem
718 2066 832 2123 Cretum
847 2066 971 2137 urbibus,

473 2143 574 2201 Ventis
587 2144 677 2202 iturus
691 2163 748 2201 non
763 2145 830 2213 suis,

318 2219 493 2277 Diereitstus
506 2231 555 2278 aut
567 2222 637 2296 petit
651 2223 749 2294 Syrtes
761 2221 839 2279 Noto
850 2243 856 2289 ;

474 2299 534 2354 Aut
547 2297 634 2355 fertur
649 2299 849 2355 incertumeri.

319 2375 490 2449 Oupruiures
504 2374 571 2430 effer
586 2374 652 2445 hue,
665 2393 745 2449 puer,
759 2377 889 2450 scyphos,

403 2467 407 2477 ·
473 2451 511 2508 Et
524 2451 598 2508 Chia
611 2453 686 2521 vina,
700 2463 749 2508 aut
762 2452 874 2523 Lesbis,

318 2529 382 2600 Vei,
395 2530 469 2602 quod
483 2529 617 2586 fluentem
631 2548 766 2586 nauseam
780 2533 920 2599 coereeat,

474 2606 577 2665 Metire
590 2609 673 2665 uobis
686 2607 850 2665 Cureubuur

317 2683 423 2742 Curam
437 2695 598 2760 metumque
612 2686 734 2743 Ceseris
746 2704 842 2742 rerum
852 2686 931 2760 juvet

323 2759 329 2768 ’
474 2762 561 2821 Dului
576 2763 662 2839 Lyso
676 2764 790 2821 solvere.

570 3069 657 3128 ODE
676 3071 730 3128 IX.

482 3207 515 3246 IN
535 3207 662 3246 varurr
684 3207 813 3245 rosum.

317 3298 407 3363 Murri
422 3305 513 3363 solute
525 3305 605 3361 nevis
618 3306 676 3362 exit
689 3305 765 3374 dite,

374 3390 377 3399 “
472 3381 579 3440 Furens
592 3382 715 3440 olentem
730 3381 872 3437 Meuium.

316 3461 354 3518 Ut
368 3461 487 3518 horridis
500 3471 649 3534 utrumque
663 3460 792 3516 verberes
806 3459 888 3528 latus,

474 3539 589 3608 Auster,
604 3548 747 3594 memento
759 3532 901 3612 fluetibus.

317 3615 408 3690 Niger
422 3617 555 3673 rudentes
569 3614 672 3685 Eurus,
687 3615 797 3671 inverso
810 3613 890 3682 muri,

471 3692 643 3767 Fractusque
657 3710 750 3748 remos
762 3690 880 3747 differat.

315 3769 449 3844 Insurgut
462 3770 575 3844 Aquilo,
588 3779 711 3848 quantus
724 3769 789 3825 altis
801 3768 944 3827 montibus
