2550 4225
306 688 354 776 Q.
393 684 675 759 nostru
718 684 959 759 rancor

463 923 808 991 SATIRARUM

500 1152 603 1201 LIBER
619 1152 762 1202 Parnes.

536 1599 693 1663 SATIRA
712 1599 737 1658 Ι.

502 1734 542 1773 an
555 1734 760 1773 marceamus.

221 1834 283 1898 Qut
296 1834 338 1905 fit,
353 1833 505 1903 Mecenas,
520 1842 551 1887 ut
564 1850 649 1888 nemo
659 1850 744 1905 quarn
756 1831 811 1889 sibi
824 1844 928 1892 sortem

220 1914 279 1969 Seu
291 1912 362 1968 ratio
375 1910 493 1978 dederit,
506 1928 557 1965 seu
571 1908 627 1965 sors
639 1908 784 1983 objecerit,
797 1909 847 1966 illi

219 1990 378 2046 Contentus
391 1988 473 2055 vivat,
486 1986 582 2042 laudet
595 1985 705 2043 diversa
717 1989 885 2059 sequentes?

219 2066 276 2122 “O
290 2064 423 2124 fortunati
437 2073 604 2120 mercatores
613 2064 638 2119 !''
661 2063 754 2138 gravis
766 2063 849 2120 annis

219 2143 305 2200 Miles
317 2143 366 2213 ait,
380 2141 468 2197 multo
477 2140 536 2214 jam
547 2140 653 2211 fractus
666 2141 793 2197 membra
805 2141 909 2199 labore.
1098 2146 1118 2203 5

219 2217 327 2278 contra
340 2227 487 2287 mercator,
502 2217 596 2273 navim
607 2217 779 2291 jactantibus
792 2219 915 2290 Austris,

219 2295 351 2353 “Militia
363 2305 406 2351 est
417 2294 524 2370 potior:
538 2293 717 2366 quid·enimt
738 2295 914 2352 concurritur
922 2315 931 2364 ;
949 2291 1027 2354 tore

219 2373 365 2431 Momento
378 2372 435 2428 cita
448 2389 523 2428 mors
536 2370 622 2439 venit,
636 2380 685 2425 aut
697 2370 813 2426 victoria
826 2370 916 2428 laeta.”

219 2451 382 2526 Agricolam
396 2448 493 2505 laudat
502 2446 574 2521 juris
587 2446 738 2521 legumque
747 2447 863 2522 peritus,

219 2528 280 2584 Sub
292 2526 359 2604 galli
372 2535 488 2582 cantum
501 2523 645 2580 consultor
657 2523 706 2580 ubi
719 2523 791 2580 ostia
803 2525 903 2599 pulsat
1081 2531 1119 2589 1⁰

218 2603 280 2675 Ille,
294 2603 367 2661 datis
380 2603 497 2659 vadibus
510 2602 557 2676 qui
572 2620 635 2658 rure
649 2612 792 2658 extractus
804 2603 834 2658 in
847 2602 946 2660 urbem
959 2615 1011 2675 est,

218 2681 300 2739 Solos
314 2680 410 2738 felices
424 2680 548 2740 viventes
562 2679 666 2736 clamat
678 2679 708 2736 in
719 2679 797 2737 urbe.

218 2759 328 2816 Cetera
341 2758 377 2814 de
390 2776 494 2832 genere
508 2757 572 2828 hoc,
586 2755 658 2814 adeo
672 2767 738 2814 sunt
751 2757 849 2829 multa,
863 2757 1010 2832 loquacem

218 2833 473 2898 Delassarerelent
487 2833 616 2891 Fabium.
648 2833 696 2891 Ne
708 2846 737 2893 te
751 2854 851 2907 morer,
865 2836 932 2894 audi

216 2910 286 2973 Qud
300 2930 360 2969 rem
374 2912 522 2968 deducam.
554 2911 586 2965 Si
599 2911 662 2983 quis
675 2911 755 2983 deus,
770 2917 787 2942 “
800 2913 846 2969 En
859 2914 941 2987 ego,''
952 2914 1039 2985 dicat,
1081 2915 1118 2971 15

218 2994 237 3020 “
248 2989 313 3046 Jam
327 2989 429 3046 faciam
442 2986 517 3060 quod
531 2986 630 3042 vultis:
652 2987 707 3042 eris
718 2999 760 3058 tu,
773 2989 822 3062 qui
835 2987 921 3046 modo
934 2990 1025 3061 miles,
1131 3004 1136 3010 '

217 3066 374 3124 Mercator:
396 3075 437 3134 tu,
451 3062 596 3120 consultus
609 3060 704 3134 modo,
719 3066 858 3121 rusticusz
879 3066 947 3123 hinc
960 3085 1018 3136 vos,

215 3142 274 3200 Vos
288 3144 366 3216 hinc,
380 3141 495 3199 mutatis
508 3140 647 3198 discedite
660 3141 793 3216 partibus.
828 3141 896 3198 Eia!

214 3219 295 3281 Quid
308 3220 389 3276 stetis
395 3220 426 3276 i’'
449 3218 556 3276 Nolint
591 3218 679 3292 Atqui
694 3218 762 3276 iicet
773 3237 838 3275 esse
851 3219 949 3276 beatis
967 3266 970 3272 .

214 3298 295 3358 Quid
309 3315 403 3354 cause
415 3306 459 3354 est
472 3293 573 3352 meritd
587 3297 655 3369 quin
669 3295 724 3352 illis
736 3295 849 3370 Jupiter
861 3296 959 3352 ambus
1075 3297 1116 3354 20

214 3372 307 3431 Iratus
320 3376 426 3432 buccas
439 3373 527 3444 inflet,
542 3391 634 3446 neque
647 3391 678 3428 se
692 3372 751 3429 sore
763 3373 881 3446 posthac

214 3449 289 3508 Tam
304 3451 416 3508 facilem
429 3451 507 3508 dicat
519 3451 589 3508 votis
603 3461 634 3507 ut
644 3450 768 3524 prebeat
781 3451 900 3506 aurern?

252 3528 452 3600 Praetereame
465 3528 518 3599 sic,
532 3537 564 3584 ut
575 3528 623 3601 qui
634 3526 781 3601 jocularia,
794 3526 891 3582 ridens

213 3603 395 3662 Percurram:
415 3623 574 3678 quanquam
588 3604 726 3660 ridentem
740 3603 836 3660 dicere
849 3621 946 3661 verum

212 3681 293 3743 Quid
307 3682 402 3738 vetati
422 3692 453 3737 ut
465 3682 559 3756 pueris
572 3680 641 3737 oiim
654 3680 724 3736 dant
735 3680 861 3737 crustula
871 3681 967 3740 blandi
1073 3681 1115 3738 25

212 3757 360 3829 Doctores,
373 3758 513 3816 elementa
526 3757 613 3814 velint
625 3767 657 3814 ut
669 3757 779 3814 discere
791 3758 898 3834 prima:
