2550 4225
489 314 521 369 Q·
539 312 684 363 HORATH
700 312 824 363 mccl

573 530 658 589 ODE
679 532 735 592 111.

523 667 563 705 Al)
577 667 781 707 mmmmm.

257 770 259 775 ’
283 764 435 821 Pssumis
448 764 516 821 olim
529 766 553 820 si
567 766 628 838 quis
641 766 729 841 impii
742 784 839 829 manu,

401 840 497 897 Senile
507 851 602 915 guttur
617 843 739 917 fregerit,

283 918 357 991 Ednt
370 919 472 975 eiuutis
485 918 582 975 allium
596 921 754 976 nocentius.
840 943 842 947 ·

399 993 428 1050 Ο
442 996 512 1052 dura
525 1014 683 1055 messorum
697 997 760 1053 ilia!

281 1072 361 1135 Quid
377 1073 431 1128 hoe
445 1074 547 1127 veneni
560 1074 640 1129 saevit
653 1074 682 1129 iu
696 1074 879 1147 precordiis?

401 1147 478 1205 Num
493 1149 634 1223 viperinus
649 1150 692 1205 his
706 1169 788 1205 cruor

284 1226 418 1282 Incoutus
432 1224 526 1280 herbis
539 1244 585 1281 me
600 1225 718 1282 fefelliti
739 1244 775 1282 un
788 1226 878 1283 mults

401 1300 522 1358 Canidia
535 1304 665 1359 tractavit
677 1304 783 1377 dapes?

284 1379 323 1437 Ut
337 1381 517 1453 Argonautas
530 1390 628 1454 preter
643 1398 742 1437 omues
755 1380 908 1436 candidum
1014 1384 1018 1391 '

403 1454 507 1513 bledeu
515 1457 619 1513 miratu
631 1468 675 1513 est
687 1459 800 1526 dueem,

285 1533 386 1607 Ignota
400 1534 488 1590 tauris
501 1534 673 1609 illigeturum
683 1535 761 1609 juga,

402 1610 537 1669 Peruuxit
551 1613 605 1669 hou
618 1612 771 1669 Jasunem:

285 1686 349 1745 Hoc
363 1687 495 1744 delibutis
509 1690 567 1745 ulte
581 1690 662 1747 donis
674 1686 813 1763 pellicem,

402 1766 539 1839 Serpente
553 1766 624 1840 sugit
637 1767 711 1822 alite.

284 1841 348 1899 Nee
361 1852 456 1897 tantus
469 1858 593 1915 unquam
606 1842 729 1900 siderum
744 1843 847 1899 insedit
859 1844 944 1917 vapu'r
981 1882 985 1887 -

267 1932 269 1939 ·
402 1918 559 1977 Sitiuulosae
574 1920 702 1993 Apuliae;

284 1993 349 2052 Neu
363 2014 467 2051 munus
480 1996 605 2053 humeris
617 1997 742 2053 efficacis
756 1997 890 2054 Herculis

403 2070 507 2130 Inarsit
520 2071 675 2132 sestuosids.

577 2382 664 2439 01)ss
684 2381 736 2440 IV.

578 2518 611 2556 IN
624 2481 743 2556 MEddAM.

286 2618 376 2676 Lums
389 2627 418 2674 et
431 2617 512 2692 aguis
524 2626 630 2690 quanta
641 2612 739 2672 surtitd
752 2604 863 2690 obtigit,

401 2693 513 2750 Tecum
528 2693 597 2748 mihi
611 2691 753 2747 dissordia
765 2703 817 2760 est,

284 2769 402 2829 Iberiuis
414 2778 526 2844 peruste
540 2768 654 2824 funibus
666 2768 749 2838 latus,

403 2847 440 2903 Et
453 2863 536 2916 erum
548 2845 619 2902 durs
633 2846 777 2920 compede.

285 2924 369 2982 Licet
382 2924 519 2999 superbus
532 2922 660 2989 ambules
671 2924 805 2998 pecunie,

400 3001 527 3061 Fortuna
540 2998 598 3058 non
612 3012 702 3058 mutat
714 3021 815 3076 genus.

283 3080 420 3151 Videsne,
434 3097 541 3136 sacram
556 3081 690 3136 metiente
702 3091 731 3136 te
745 3080 818 3136 vium

401 3160 475 3217 Cum
486 3157 528 3213 bis
542 3167 583 3213 ter
597 3157 726 3213 ulnarum
740 3158 817 3230 mgb,

284 3233 322 3294 Ut
334 3255 385 3292 ora
397 3245 485 3291 vertet
496 3229 592 3290 huodt
606 3233 663 3289 hue
676 3233 804 3288 euntium

402 3312 559 3370 Liberrimu
572 3310 748 3384 indignatio?

286 3389 389 3447 Sectus
402 3388 519 3464 flagellis
533 3389 580 3444 hie
594 3386 839 3456 Triumviralibus,

402 3466 544 3523 Praeeonis
558 3467 593 3522 ud
608 3465 760 3536 fastidium,

287 3545 357 3600 Arut
372 3543 485 3600 Falerni
500 3544 576 3600 mille
591 3543 670 3619 fundi
681 3541 790 3616 jugera,

402 3621 441 3677 Et
454 3621 577 3695 Appium
590 3620 701 3696 mannis
714 3619 794 3676 terit:

286 3697 482 3771 Sedilibusque
495 3715 615 3772 mugnus
629 3698 659 3754 in
671 3697 769 3772 primis
781 3715 876 3770 eques,

404 3775 519 3831 Othone
531 3785 701 3849 contemptu,
715 3775 802 3832 sedet.
