2550 4225
428 270 672 319 EPISTULARUM
689 272 753 320 LIB.
771 274 806 319 11.
824 275 847 321 2.

176 412 268 483 Idem,
282 410 369 469 finitis
382 412 483 469 studiis
495 423 525 468 et
536 421 632 468 mente
646 413 769 485 recepte,

175 489 315 546 Obturem
328 489 438 563 petulas
451 486 567 562 impune
582 488 741 563 legentibus
756 506 844 545 eures

214 566 357 622 Ridentur
371 566 445 623 malo
458 567 505 639 qui
518 578 693 640 componunt
707 566 848 621 carmina:
869 566 965 624 verum

174 643 309 699 Gaudent
321 643 486 713 scribentes,
500 654 529 699 et
542 662 573 698 se
586 654 765 712 venerantur,
778 654 807 699 et
821 644 901 713 ultro,
987 680 991 689 -

176 722 209 777 Si
221 731 326 790 taceas,
341 719 467 791 laudant,
482 720 618 793 quidquid
632 718 780 794 scripsere,
797 720 879 776 beati.

176 798 226 866 At,
239 797 287 871 qui
300 798 458 871 legitimum
471 798 567 871 cupiet
580 798 680 853 fecisse
695 801 807 871 poema,

175 876 251 931 Cum
264 875 367 930 tabulis
381 875 507 930 animum
520 876 646 951 censoris
660 886 752 954 sumet
766 876 893 943 honesti;

175 951 303 1008 Audebit
315 969 491 1026 quecunque
503 970 602 1026 parum
616 952 772 1026 splendoris
787 954 940 1022 habebunt,

175 1029 214 1085 Et
227 1029 289 1085 sine
301 1030 426 1102 pondere
439 1040 531 1099 erunt,
545 1040 574 1085 et
587 1030 693 1085 honore
708 1030 824 1103 indigna
838 1031 971 1100 serentur,

176 1106 273 1163 Verba
285 1125 396 1163 movere
410 1107 482 1177 loco,
495 1107 622 1180 quamvis
635 1106 723 1162 invita
737 1109 880 1176 recedant,

175 1183 214 1239 Et
227 1193 372 1240 versentur
385 1184 479 1240 adhuc
493 1184 567 1240 intra
579 1184 735 1258 penetralia
749 1185 852 1240 Vestae,

175 1260 334 1317 obscurata
347 1262 396 1317 diu
408 1262 511 1336 populo
523 1261 614 1317 bonus
627 1272 717 1330 eruet,
732 1272 814 1333 atque

176 1337 303 1395 Proferet
315 1338 345 1393 in
359 1338 452 1394 lucem
466 1338 592 1413 speciosa
605 1339 741 1394 vocabula
756 1357 859 1408 rerum,

174 1414 262 1484 Qum,
275 1415 374 1488 priscis
387 1425 540 1471 memorata
553 1415 709 1470 Catonibus
723 1426 805 1488 atque
819 1415 967 1487 Cethegis,

176 1492 264 1548 Nunc
277 1492 348 1548 situs
361 1492 487 1548 informis
499 1493 600 1565 premit
613 1502 641 1547 et
655 1493 765 1547 deserta
779 1503 900 1547 vetustas
913 1512 918 1545 :

177 1570 327 1626 Adsciscet
340 1588 422 1638 nova,
435 1586 499 1641 quae
512 1567 622 1641 genitor
635 1568 796 1645 produxerit
810 1588 884 1623 usus

175 1647 339 1704 Vehemens
348 1657 378 1702 et
389 1645 520 1718 liquidus,
533 1662 659 1718 puroque
673 1645 829 1701 simillimus
844 1648 929 1716 amni,

176 1723 290 1780 Fundet
301 1728 380 1798 opes}
393 1722 561 1795 Latiumque
575 1721 669 1777 beabit
683 1722 767 1779 divite
780 1723 885 1797 linguai.

175 1801 361 1857 Luxuriautia
373 1811 543 1874 compescet,
557 1800 642 1855 nimis
655 1818 753 1873 aspera
766 1818 835 1856 sano

176 1879 293 1936 levabit
306 1878 394 1948 cultu,
407 1879 508 1935 virtute
521 1879 647 1934 carentia
660 1878 754 1934 tollet:

176 1956 315 2013 Ludentis
327 1956 451 2030 speciem
464 1956 551 2026 dabit,
565 1967 594 2012 et
607 1956 788 2029 torquebitur,
803 1967 834 2013 ut
848 1958 895 2031 qui

177 2034 265 2090 Nunc
279 2035 419 2107 Satyrum,
433 2052 511 2089 nunc
526 2044 664 2107 agrestem
679 2034 804 2107 Cyclopa
819 2048 951 2092 movetur.

215 2111 390 2168 Prtetulerim
402 2113 521 2186 scriptor
534 2112 638 2169 delirus
652 2113 783 2186 inersque
797 2114 894 2183 videri,

177 2190 254 2246 Dum
268 2205 331 2245 mee
344 2189 486 2245 delectent
498 2191 572 2245 mala
585 2209 641 2259 me,
656 2191 698 2245 vel
713 2191 834 2264 denique
849 2192 955 2262 saliant,

175 2265 274 2328 Quem
288 2285 395 2341 sapere,
408 2276 437 2321 et
450 2265 531 2338 ringi.
573 2266 640 2321 Fuit
654 2265 728 2322 haud
743 2267 874 2339 ignobilis
887 2270 983 2342 Argis,

175 2345 237 2405 Qui
250 2363 280 2399 se
294 2343 427 2399 credebat
440 2342 525 2397 miros
539 2342 636 2396 audire
650 2343 799 2415 tragoedos,

176 2421 212 2478 In
227 2439 316 2477 vacuo
329 2421 410 2476 ltetus
423 2437 514 2475 sessor
524 2417 691 2495 plausorque
704 2420 828 2487 theatr03

176 2498 288 2555 Cretera
300 2497 347 2573 qui
361 2498 424 2554 vitae
437 2507 560 2553 servaret
572 2497 669 2553 munia
682 2507 759 2552 recto

177 2575 259 2632 More
267 2594 275 2644 ;
296 2575 386 2630 bonus
399 2571 469 2630 sane
484 2575 601 2644 vicinus,
616 2573 744 2629 amabilis
757 2575 867 2648 hospes,

176 2653 275 2710 Cumis
288 2653 318 2708 in
331 2669 464 2720 uxorem3
484 2663 578 2726 posset
591 2652 638 2725 qui
653 2651 799 2726 ignoscere
814 2652 909 2721 servis,

177 2729 215 2787 Et
227 2731 309 2805 signo
322 2729 388 2786 laeso
401 2749 459 2787 non
472 2730 595 2786 insanire
610 2729 732 2803 lagenae3

176 2807 275 2864 Posset
288 2806 336 2880 qui
349 2825 448 2881 rupem
462 2818 491 2863 et
503 2819 619 2880 puteum
634 2809 720 2863 vitare
733 2817 884 2880 petentem.

177 2882 236 2940 Hic
249 2885 307 2954 ubi,
321 2895 506 2957 cognatorum
518 2884 618 2957 opibus
631 2885 761 2956 curisque
774 2885 905 2954 refectus

176 2961 293 3036 Expulit
305 2961 427 3017 elleboro
441 2950 573 3016 morbum'
583 2959 722 3032 bilemque
735 2979 858 3030 meraco,
894 2974 897 2979 ·

177 3037 214 3094 Et
226 3038 301 3095 redit
312 3039 349 3094 ad
361 3056 439 3093 sese:
461 3040 480 3066 ‘⁴
491 3036 553 3106 Pol,
567 3053 612 3091 me
625 3037 777 3106 occidistis,
792 3037 886 3106 amici,

176 3113 246 3174 Non
259 3114 417 3185 moseos?
431 3115 480 3185 ait,
494 3118 512 3143 “
521 3113 569 3169 cui
582 3113 624 3169 sic
636 3123 746 3169 extorta
759 3114 892 3188 voluptas,

91 3259 94 3262 ἢ
176 3191 214 3248 Et
227 3192 358 3265 demptus
369 3211 419 3266 per
432 3193 488 3247 rim
501 3191 604 3247 mentis
616 3191 790 3266 gratissimus
803 3193 907 3247 error.’'
1029 3190 1115 3250 0140

216 3267 360 3324 Nimirum
374 3286 471 3342 supere
484 3279 528 3324 est
541 3268 658 3341 abjectis
672 3267 739 3323 utile
753 3269 845 3342 nugis,

177 3345 215 3400 Et
227 3346 422 3418 tempestivum
435 3346 531 3419 pueris
544 3345 701 3401 concedere
715 3345 830 3411 ludum·;

178 3422 224 3478 Ac
236 3440 295 3477 non
309 3423 393 3478 rerba
405 3423 484 3495 sequi
498 3422 600 3478 fidibus
614 3422 785 3477 modulanda
799 3421 917 3494 Latinis,

178 3499 236 3555 Sed
249 3516 322 3565 verte
336 3517 523 3573 numerosque
536 3499 688 3570 modosque
702 3498 827 3554 ediscere
842 3501 912 3555 vitae.

176 3574 324 3635 Quocirca
337 3595 449 3632 mecum
462 3577 559 3649 loquor
573 3575 644 3644 hec,
659 3575 815 3647 tacitusque
829 3577 977 3634 recordor:

177 3654 197 3683 “
212 3653 244 3707 Si
257 3652 308 3708 tibi
322 3653 400 3708 nulle
412 3653 590 3729 sitim-finiret
603 3652 684 3726 copie
697 3651 827 3726 lymphae,

178 3727 316 3808 Narreres
328 3729 461 3786 medicis:
482 3727 559 3803 qudd
572 3727 678 3803 quanti>
692 3729 773 3803 plura
785 3730 899 3804 persisti,
