2550 4225
408 312 650 363 EPISTOLARUM
669 314 732 365 Ltn.
751 316 784 363 ll.
804 320 824 363 1.
1048 316 1104 373 175

163 454 331 529 Divitiisque
345 455 517 529 peregrinae3
537 457 640 529 quibus
651 456 758 512 oblitus
767 467 844 513 actor

148 592 151 597 ,
163 533 265 595 Quum
278 531 356 588 stetit
369 532 398 587 in
412 533 509 603 menri,
524 533 667 590 concurrit
679 534 794 589 dextera
804 533 888 590 laevoe.
1045 533 1104 591 205

164 610 245 669 Dixit
257 610 352 666 adhuc
365 609 470 683 aliquid
477 609 580 666 l-Nil
595 608 674 667 sane
676 610 796 671 -Quid
809 611 903 685 placet
914 628 982 685 ergo
990 613 1042 666 l·-

166 689 246 745 Lana
259 686 419 743 Tarentino
432 688 540 744 violas
532 687 641 744 imitata
654 706 772 744 veneno.

205 767 252 821 Ac
264 784 302 821 ne
316 762 386 821 torte
400 776 483 839 putes
497 784 542 820 me
545 784 628 839 ‚quae
643 766 757 821 lacere'
749 784 809 841 rpse
823 766 961 837 recusem,

164 843 266 904 Quum
279 839 357 898 recte
372 852 493 899 tractent
507 812 564 913 alii,
578 842 693 899 laudare
708 840 850 917 maligne;

166 921 219 977 Ille
232 938 281 995 per
294 930 439 978 extentum
453 920 550 976 funem
563 921 633 976 mihi
646 938 727 995 posse
746 920 854 977 videtur
1046 922 1105 978 210

166 998 212 1054 Ire
223 1001 316 1071 poeta,
330 1016 426 1053 meum
439 997 487 1070 qui
500 1008 598 1071 pectus
612 998 734 1054 inaniter
748 998 834 1072 angit,
895 1020 897 1025 ·

166 1075 269 1145 lrritat,
284 1075 399 1144 mulcet,
415 1074 490 1129 falsis
503 1075 654 1132 terroribus
668 1075 773 1148 implet,

166 1151 204 1210 Ut
217 1170 326 1226 magus,
339 1162 368 1207 et
380 1149 466 1208 modo
479 1170 525 1208 me
535 1151 655 1223 Thebis,
667 1149 751 1209 modd
765 1154 844 1227 ponit
857 1154 987 1211 Athenis.

205 1230 314 1285 Verum
328 1248 390 1303 age,
404 1240 433 1285 et
447 1230 491 1285 his
503 1230 551 1302 qui
565 1249 595 1285 se
609 1230 706 1286 lectori
720 1232 835 1287 credere
850 1231 967 1300 malunt,

165 1306 264 1369 Quem
278 1308 442 1381 spectatoris
454 1308 566 1364 fastidia
579 1308 650 1363 ferre
664 1308 785 1382 superbi,

167 1386 273 1442 Curam
286 1385 373 1440 redde
386 1385 509 1455 brevem,
523 1385 547 1440 si
561 1403 664 1440 munus
678 1385 810 1459 Apolline
823 1375 939 1461 digrium

143 1533 146 1537 ι
167 1464 218 1520 Vis
232 1462 374 1536 complere
387 1461 474 1539 libris,
485 1473 514 1518 et
528 1463 636 1517 vatibus
651 1463 754 1518 addere
765 1464 868 1532 calcar,

166 1541 204 1598 Ut
217 1541 310 1598 studio
323 1540 428 1617 majore
441 1550 539 1613 petant
552 1539 694 1595 Helicona
706 1542 850 1597 virentem

205 1618 298 1674 Multa
309 1610 424 1691 quidem
438 1617 520 1673 nobis
533 1617 652 1673 facimus
666 1616 739 1672 mala
748 1615 823 1691 sepe
837 1622 928 1691 politur

168 1696 220 1771 (Ut
233 1696 327 1752 vineta
340 1705 453 1768 egomet
466 1694 573 1749 caedam
587 1694 675 1771 mea),
689 1712 774 1767 quum
789 1696 839 1751 tibi
853 1695 955 1753 librum

167 1774 294 1830 Sollicito
304 1774 414 1842 damus,
428 1781 477 1827 aut
490 1771 517 1827 le
501 1790 580 1839 sso;
601 1790 686 1845 quum
700 1770 827 1830 laedimur
841 1791 929 1829 unum

169 1853 199 1907 Si
213 1852 275 1924 quis
289 1851 444 1905 amicorum
457 1859 500 1905 est
513 1867 598 1904 ausus
610 1846 780 1938 reprendere
794 1869 920 1919 versum;

166 1929 266 1990 Quum
280 1926 364 1983 loca
354 1945 412 2001 Jam
426 1927 542 1982 recitata
555 1926 741 1983 'revolvimus
735 1929 895 1996 irrevocati3

165 2006 266 2066 Quum
278 2006 463 2060 lamentamur
476 2024 533 2061 non
547 2023 680 2095 apparere
694 2005 803 2061 labores
859 2022 864 2029 ·

167 2083 286 2141 Nostros
299 2095 327 2138 et
340 2080 419 2138 tenui
432 2082 554 2139 deducta
566 2080 697 2158 poemata
711 2083 774 2152 filo;

166 2163 266 2223 Quum
280 2175 427 2250 speramus
437 2157 473 2216 ed
484 2179 543 2216 rem
557 2171 714 2230 venturam,
728 2173 768 2232 nt,
782 2163 864 2218 simul
879 2174 960 2236 atque

167 2239 302 2296 Carmina
315 2238 444 2294 rescieris
457 2256 509 2293 nos
520 2237 636 2312 lingere,
651 2207 814 2295 corrimodus
828 2241 900 2296 ultro

168 2319 315 2386 Arcessas‚
329 2324 358 2372 et
367 2333 452 2390 egere
465 2326 552 2385 vetes,
565 2325 595 2371 et
608 2316 731 2371 scribere
744 2335 836 2390 cogas

119 2407 131 2466 2
168 2397 224 2452 Sed
238 2405 332 2464 tamen
346 2403 390 2449 est
401 2411 494 2467 operae
507 2392 627 2467 pretium
638 2411 808 2467 cognoscere
822 2393 916 2472 quales

165 2473 300 2529 AEdituos
313 2471 415 2528 habeat
427 2470 492 2526 belli
507 2480 632 2545 spectata
645 2470 776 2544 domique

167 2551 264 2606 Virtus
266 2549 406 2623 ‚indigno
419 2567 476 2604 non
490 2548 691 2605 committenda
704 2551 803 2622 poete.

84 2651 89 2658 ·
166 2629 270 2684 Gratus
284 2627 448 2683 Alexandro
461 2645 520 2701 regi
513 2624 642 2700 Magno
656 2626 708 2682 fuit
721 2625 767 2682 ille

167 2705 317 2774 Choerilus,
332 2704 447 2760 incultis
460 2705 506 2777 qui
521 2704 647 2760 versibus
659 2715 688 2760 et
702 2701 774 2760 male
790 2704 863 2760 natis

166 2783 289 2839 Rettulit
301 2792 441 2856 acceptos,
456 2782 569 2856 regale‘
563 2782 704 2839 numisma
707 2782 880 2871 ,Philippos

166 2861 234 2931 Sed,
248 2860 334 2916 veluti
347 2869 466 2916 tractata
479 2871 573 2914 notam
587 2859 734 2947 labemque
748 2861 894 2916 remittunt

129 2945 135 2960 ”
167 2939 343 3008 Atramenta,
358 2932 416 2991 fere
431 2935 580 3008 scriptores
593 2937 718 2992 carmine
730 2938 803 2993 foedo
958 3005 962 3012 ι

167 3015 321 3090 Splendida
334 3015 408 3069 sacta
421 3011 520 3067 linunt.
544 3011 644 3067 ·Idem
658 3032 707 3068 rex
720 3013 767 3070 ille
769 3017 893 3087 ,poema

105 3086 849 3164 ,Qmmmmmmwm‚

166 3170 268 3226 Edicto
281 3169 368 3225 vetuit
381 3168 491 3241 nequis
505 3186 535 3223 se
538 3187 616 3241 ,prae
617 3178 659 3223 ter
674 3167 804 3241 Apellen,

85 3282 96 3312 ‚·
165 3247 307 3322 Pingeret,
322 3257 370 3301 aut
383 3246 455 3301 alius
469 3245 534 3318 Lysi
536 3265 591 3320 ppo
604 3246 721 3300 duceret
735 3263 789 3300 aera

166 3325 257 3382 Fortis
271 3292 427 3391 Alexandri
442 3323 547 3379 vultum
561 3323 729 3378 simulantia.
770 3319 895 3381 Quod
873 3341 896 3377 si

165 3402 311 3457 ludicrum
325 3400 425 3456 subtile
439 3401 568 3456 videndis
582 3400 688 3456 artibus
703 3399 772 3455 illud

167 3481 212 3536 Ad
223 3480 310 3535 libros
323 3488 353 3534 et
365 3479 400 3533 ad
415 3478 477 3533 haec
488 3476 634 3532 Musarum
649 3477 723 3533 dona
736 3495 859 3546 vocares,

166 3555 314 3613 Boeotirm
308 3575 337 3612 ιιι
351 3574 445 3611 crasso
455 3555 564 3630 jurares
574 3558 641 3610 aere
652 3566 757 3611 natum

166 3636 206 3691 At
216 3652 309 3707 neque
323 3633 495 3689 dedecorant
507 3644 556 3688 tua
569 3632 605 3687 de
619 3651 649 3687 se
661 3627 768 3705 judicia
782 3641 864 3705 atque

168 3710 290 3767 Munera
293 3728 376 3783 ,quae
390 3711 478 3765 multia
493 3709 586 3765 dantis
599 3728 665 3765 cum
676 3709 759 3764 laude
772 3709 897 3766 tulerunt

131 3834 134 3838 Δ
166 3789 272 3846 Dilecti
286 3788 337 3844 tibi
351 3786 487 3861 Virgilius
497 3787 655 3860 Variusque
669 3789 777 3861 poetar:
