2550 4225
367 332 369 340 .
462 297 493 352 Q·
510 294 656 345 nontin
672 296 803 347 FLAGGI.

459 436 578 511 Frangit
592 448 746 494 trementes
759 437 855 493 ilices:

304 508 368 567 Nec
382 512 459 569 sidus
473 513 534 569 atri
547 525 632 570 nocte
645 515 768 569 ornicum
777 523 919 588 appareat,
937 538 940 548 ²

195 592 202 603 ’
459 589 530 650 Qua
544 590 629 647 tristis
643 590 732 646 Orion
748 591 839 647 cadit:

302 665 452 724 Quietiore
467 684 522 722 nec
536 668 640 723 feratur
653 685 773 740 equore,

459 742 558 804 Quam
571 744 658 799 Graia
670 744 807 800 victorum
821 762 931 813 manus,

302 818 403 879 Quum
417 819 509 875 Palles
523 832 586 877 usto
600 821 681 876 vertit
695 822 765 877 iram
778 822 815 877 ab
828 820 890 876 llio

461 896 496 952 lu
509 898 624 971 impiam
639 898 738 971 Ajacis
750 908 847 954 ratem.

303 973 332 1029 Ο
345 985 465 1047 quantus
479 975 565 1031 instat
578 975 680 1031 navitis
693 975 778 1031 sudor
791 975 856 1044 tuis,
872 1003 878 1014 =

273 1102 295 1131 ..·
458 1050 581 1123 Tibique
594 1052 682 1126 pallor
695 1052 798 1121 luteus,

284 1126 341 1181 “Et
355 1126 402 1182 illa
415 1145 472 1182 uon
487 1127 572 1184 virilis
585 1128 708 1202 ejulatio,
921 1190 924 1194 ,

460 1204 564 1260 Preces
576 1214 606 1259 et
619 1222 746 1261 aversum
761 1205 797 1260 ad
811 1204 921 1275 Jovem,

166 1331 170 1343 ,
204 1308 207 1313 ·
304 1278 402 1335 Ionius
417 1280 472 1336 udo
485 1299 572 1351 quum
586 1282 748 1356 remugiens
760 1281 840 1339 sinus
879 1340 882 1344 ,

145 1396 149 1403 .
459 1356 535 1415 Noto
549 1359 676 1415 carinam
689 1359 810 1434 ruperit!

184 1454 191 1470 ³
245 1456 249 1461 ·
303 1433 407 1508 Opima
420 1432 495 1509 quod
509 1436 533 1491 si
546 1437 642 1511 praeda
655 1454 741 1493 curvo
754 1436 845 1493 littore

459 1513 592 1570 Porrecto
604 1532 716 1588 mergos
726 1513 841 1588 juveris,

304 1588 486 1648 Libidinosus
499 1592 688 1649 immolabitur
700 1609 795 1666 caper,

461 1668 498 1724 Et
512 1688 586 1743 agne
599 1668 839 1743 Tempestatibus.

546 1976 646 2033 'ODE
667 1975 704 2032 X.

545 2106 583 2150 AD
605 2112 724 2150 ansscos.

265 2211 408 2268 Hoanms
421 2222 573 2286 tempestas
586 2211 690 2267 coslum
704 2212 853 2282 contraxit,
867 2223 895 2268 et
909 2213 1012 2269 imbres
1053 2221 1063 2228 “

225 2289 369 2362 Nivesque
382 2290 401 2344 d
440 2301 529 2346 ucuut
542 2289 660 2346 lovem:
680 2307 759 2346 nunc
772 2307 860 2359 mare,
874 2308 953 2346 nuuc
965 2290 1054 2359 siluae,

265 2366 402 2423 Threicio
416 2361 418 2366 ’
484 2367 558 2424 ilone
572 2378 680 2424 sonant.
724 2367 891 2441 Romamne,
905 2368 998 2436 amici,

226 2444 414 2500 Occasionem
429 2446 465 2502 de
479 2445 542 2500 die:
564 2446 687 2518 dumque
701 2445 792 2501 virent
804 2462 907 2518 genua,

266 2521 302 2577 Et
316 2524 407 2591 decet,
421 2521 546 2578 obducti
560 2523 682 2578 solvatur
696 2518 786 2579 fronte
799 2533 938 2579 senectus.

227 2599 275 2654 Tu
289 2600 353 2655 vina
367 2599 511 2672 Torquato
525 2600 734 2656 move·consule
747 2617 843 2673 pressa
856 2619 926 2655 meo.

267 2676 377 2732 Caetcra
390 2677 469 2732 mitte
484 2677 571 2748 loqui:
593 2677 664 2731 deus
678 2678 739 2731 haec
753 2677 868 2733 sortasse
882 2676 1006 2750 benigni

229 2753 361 2808 Reducet
376 2754 405 2808 in
420 2754 514 2808 sedem
530 2754 599 2808 vice.
642 2752 730 2808 Nunc
744 2763 773 2808 et
783 2753 970 2808 Achaemenio

267 2830 402 2903 Persundi
416 2826 504 2886 nardo
515 2830 602 2903 juvat,
617 2843 646 2887 et
660 2829 715 2886 fide
729 2830 866 2904 Cylleneai
950 2862 955 2871 ι

229 2909 335 2963 Levere
349 2907 416 2962 diris
430 2919 544 2980 pectora
558 2907 809 2964 sollicitudinibus:
945 2906 949 2914 “

265 2983 377 3040 Nobilis
392 2995 422 3040 ut
436 2985 536 3058 grandi
551 2986 657 3042 cecinit
670 2985 831 3042 Centaurus
845 2985 977 3042 alumno:

227 3067 245 3090 ‘⁴
255 3061 362 3118 lnvicte
377 3061 510 3132 mortalis,
526 3063 580 3118 desi
594 3076 660 3120 nate
672 3082 742 3137 puer
756 3063 891 3133 Thetide,

266 3139 311 3194 Te
325 3151 419 3194 manet
436 3140 567 3195 Assur-aci
581 3141 671 3209 tellus,
685 3158 769 3212 quam
784 3140 884 3214 frigida
896 3141 973 3213 parvi

227 3211 354 3273 Findunt
368 3217 535 3272 Scamandri
548 3216 674 3283 flumina,
687 3215 813 3272 lubricus
826 3227 855 3272 et
869 3212 975 3273 Simois
983 3237 990 3285 ς

265 3292 347 3349 Unde
361 3293 411 3349 tibi
426 3295 546 3351 reditum
561 3304 639 3350 certo
653 3293 812 3348 subtemine
826 3293 942 3348 Parcae'
1085 3297 1122 3351 15

226 3368 359 3444 Rupdre;
382 3391 436 3428 nec
450 3385 537 3428 mater
552 3373 667 3428 domum
681 3369 787 3425 ooerula
801 3380 830 3425 te
843 3368 963 3428 revehet.
996 3438 1000 3443 η

267 3446 330 3502 Illic
343 3466 428 3504 omne
441 3451 547 3505 malurn
561 3451 626 3506 vino
640 3457 780 3521 cantuque
793 3447 893 3518 levato,

227 3524 366 3582 Deformis
380 3527 550 3609 egrimoniis
564 3526 694 3584 dulcibus
707 3525 863 3597 alloquiis.’'
