2550 4225
311 642 359 730 Q.
399 642 675 715 HORATII
714 644 953 721 FLACCI

337 948 340 953 .
396 882 587 947 CARMEN
610 884 871 950 SAECULARE.

423 1363 462 1401 An
475 1363 646 1401 APOLLINEM
660 1364 699 1401 ΕΤ
712 1364 839 1402 ornum.

299 1459 424 1530 Primus,
438 1461 624 1535 silvarumque
637 1471 737 1534 potens
750 1461 854 1531 Diana,

299 1536 440 1593 Lucidum
453 1538 519 1593 ooeli
533 1539 632 1606 decus,
647 1557 666 1593 o
679 1539 790 1593 colendi

300 1614 417 1687 Semper
431 1624 460 1668 et
473 1612 552 1681 culti,
565 1614 630 1668 date
643 1630 706 1685 quae
719 1630 868 1685 precamur

534 1688 677 1761 Tempore
689 1690 799 1763 prisoo;

297 1766 367 1827 Quo
381 1765 510 1839 Sibyllini
525 1764 662 1821 monuere
676 1784 772 1821 versus

298 1842 432 1917 Virgines
444 1842 533 1899 lentus
546 1859 703 1917 puerosque
715 1853 809 1900 eustos

299 1918 362 1989 Dis,
375 1919 477 1994 quibus
490 1930 597 1993 septem
610 1918 744 1992 placuere
755 1920 850 1990 eolles,

402 2050 405 2056 ,
533 1995 637 2051 Diuere
651 2014 774 2052 carmen.

299 2075 383 2131 Alme
398 2074 455 2145 Sol,
470 2090 554 2130 eurru
568 2073 659 2130 nitido
672 2073 747 2130 diem
759 2076 808 2148 qui

301 2153 408 2210 Promis
420 2163 450 2208 et
463 2151 548 2221 celas,
563 2151 691 2224 aliusque
704 2161 733 2206 et
745 2151 821 2208 idem

301 2229 445 2299 Nemetis,
458 2229 548 2302 possis
562 2228 632 2284 nihil
647 2228 716 2284 urbe
730 2228 826 2285 Romi

531 2305 631 2360 Visere
646 2305 751 2377 majus!

299 2382 368 2440 Rite
382 2393 506 2439 maturos
520 2381 627 2455 aperire
640 2390 736 2454 partus

298 2460 384 2516 Lenis
397 2459 520 2532 ilithyia,
534 2469 613 2514 tuere
627 2468 746 2524 matres3

298 2538 365 2595 Sive
377 2549 408 2594 tu
422 2537 532 2593 Lucina
545 2537 647 2609 probas
661 2535 764 2602 vocari,

531 2614 589 2668 Seu
602 2612 749 2668 Genitalis

297 2691 380 2762 Diva,
393 2692 531 2765 producas
545 2690 680 2757 sobolem,
694 2689 866 2763 Patrumque

274 2797 278 2804 ·
297 2768 446 2842 Prosperes
459 2769 573 2824 decreta
585 2786 669 2842 super
680 2766 712 2841 ju
770 2767 815 2823 dis

298 2844 444 2912 Freminis
457 2845 596 2916 prolisque
610 2863 689 2900 noue
712 2845 788 2899 eruci

531 2920 609 2992 Lege
622 2921 730 2976 marini.
786 2952 790 2960 ·

297 2997 401 3055 Certus
413 3007 445 3052 ut
458 2997 547 3050 denos
560 2995 657 3050 decies
670 3015 720 3069 per
733 3015 823 3053 anuos

270 3079 275 3088 “
296 3075 384 3131 Orbis
397 3084 426 3130 et
440 3083 540 3130 cantus
553 3072 708 3145 reseratque
721 3072 812 3140 ludos,

298 3151 357 3208 Ter
371 3153 417 3208 die
431 3151 515 3218 claro,
527 3150 664 3223 totiesque
678 3151 757 3224 grati

533 3227 626 3282 Nocte
641 3227 807 3301 frequentes.

297 3307 411 3381 Vosque
424 3323 537 3362 veraces
551 3304 699 3373 cecinisse,
713 3305 819 3375 Paroae,

296 3384 385 3444 Quod
399 3383 485 3438 semel
498 3382 606 3438 dietum
619 3392 671 3451 est,
685 3381 847 3454 stabilisque
860 3397 954 3438 rerum

298 3461 448 3516 Terminus
463 3470 562 3528 servet,
577 3459 719 3532 bonejam
733 3459 854 3532 peractis

531 3535 549 3590 J
551 3537 649 3610 ungite
663 3535 727 3591 sata.

191 3678 195 3690 .
298 3612 410 3670 Fertilis
424 3614 535 3688 frugum
548 3614 712 3687 pecorisque
728 3613 829 3669 Tellus

298 3691 402 3764 Spioei
416 3691 501 3747 donet
514 3691 648 3746 Cererem
660 3691 781 3746 oomni:

298 3767 434 3824 Nutriant
447 3768 531 3822 foetus
544 3777 573 3823 et
588 3785 666 3838 uquae
680 3765 807 3822 salubres

375 3843 423 3899 8*
532 3843 569 3898 Et
583 3843 661 3898 Jovis
674 3862 757 3900 θυαε.
