2550 4225
483 323 548 371 ARS
564 322 717 373 Potamon}

147 462 280 537 Scriptor.
322 460 501 518 Honoratum
516 464 539 520 si
551 462 622 520 forte
636 464 748 538 reponis
757 462 911 537 Achillem,

146 538 281 613 Impiger,
292 538 457 615 iracundus,
472 540 660 611 inexorabilis,
676 560 749 611 acer,

146 614 219 671 Jura
231 625 317 689 neget
330 615 383 671 sibi
396 627 472 685 nata,
487 616 556 671 nihil
571 636 628 673 non
643 628 753 691 arroget
766 619 866 675 armis:

146 692 193 748 Sit
206 691 311 747 Medea
324 691 401 748 ferox
415 694 583 767 invictaque,
598 693 699 749 flebilis
713 694 776 765 luo,

147 768 277 825 Perfidus
287 768 381 837 Ixion,
395 769 428 825 Io
442 789 522 845 vaga,
536 771 623 826 tristis
635 770 760 828 Orestes.

187 846 300 918 Siquid
314 845 488 919 inexpertum
503 866 596 902 scenae
611 848 772 919 committis,
787 860 816 906 et
830 850 917 906 audes
1032 853 1087 909 125

147 922 302 978 Personam
316 921 435 978 formare
449 942 561 994 novam,
576 936 700 981 servetur
714 925 749 980 ad
764 926 852 981 imum

146 999 251 1060 Qualis
264 998 301 1053 ab
314 998 428 1073 incepto
440 1002 617 1073 processerit,
631 1012 661 1057 et
674 1002 726 1057 sibi
741 1013 859 1059 constet.

147 1076 272 1132 Difficile
285 1086 329 1131 est
342 1076 452 1150 proprie
467 1079 629 1134 communia
643 1080 751 1135 dicere:
767 1091 852 1154 tuque
894 1084 896 1089 '

98 1151 107 1165 '
147 1150 271 1209 Rectius
285 1152 404 1209 Iliacum
418 1172 532 1211 carmen
546 1156 664 1212 deducis
678 1156 707 1211 in
721 1167 811 1228 actus,

146 1228 247 1291 uuum
260 1229 284 1285 si
297 1230 434 1304 proferres
447 1233 543 1306 ignota
556 1234 717 1307 indictaque
730 1235 843 1309 primus.

147 1307 266 1363 Publica
279 1307 410 1363 materies
423 1310 522 1382 privati
533 1309 605 1384 juris
618 1312 680 1381 erit,
695 1312 719 1367 si

148 1383 212 1440 Nec
225 1385 303 1440 circa
316 1384 398 1440 vilem
411 1387 592 1460 patulumque
607 1388 760 1444 moraberis
772 1389 887 1458 orbem;

147 1460 212 1517 Nec
226 1462 341 1517 verbum
355 1463 439 1518 verbo
452 1464 564 1519 curabis
575 1465 703 1534 reddere,
718 1464 790 1520 fidus

147 1536 305 1613 Interpres;
321 1556 376 1593 uec
389 1538 502 1594 desilies
516 1540 637 1595 imitator
652 1542 681 1596 in
696 1552 814 1611 arctum,

146 1614 230 1671 Unde
242 1616 344 1690 pedem
357 1614 480 1689 proferre
493 1617 582 1689 pudor
595 1627 679 1687 vetet,
693 1628 741 1671 aut
755 1618 847 1691 operis
859 1618 913 1675 lex.

186 1692 251 1749 Nec
264 1692 305 1747 sic
318 1692 448 1764 incipies,
463 1702 493 1747 ut
507 1693 624 1766 scriptor
638 1693 764 1767 cyclicus
774 1694 858 1749 olim:

149 1768 331 1826 “Fortunam
345 1768 450 1824 Priami
465 1770 586 1825 cantabo
599 1780 628 1826 et
642 1770 735 1825 nobile
749 1770 881 1827 bellum.'’
972 1768 983 1778 ⁸

145 1846 228 1907 Quid
240 1847 359 1921 dignum
372 1856 451 1902 tanto
464 1846 533 1902 feret
546 1847 593 1902 bio
606 1848 755 1920 promissor
770 1847 867 1903 hiatul

147 1923 310 1979 Parturiunt
323 1934 442 1993 montes,
456 1934 588 1979 nascetur
601 1924 737 1980 ridiculus
750 1943 820 1981 mus.
999 1974 1006 2002 ,

146 1997 266 2061 Quanto
280 1998 385 2056 rectius
400 2001 446 2055 bic
459 2002 506 2074 qui
521 2002 560 2056 nil
574 2001 687 2058 molitur
701 2000 813 2076 inepte!
897 2050 898 2055 κ
1029 2007 1084 2063 140

147 2084 166 2108 “
175 2077 232 2134 Dic
245 2076 324 2146 mibi,
340 2076 433 2162 Musa,
447 2079 547 2149 virum,
561 2089 651 2154 captae
664 2090 727 2154 post
741 2090 866 2155 tempora
879 2080 984 2158 Trojae,

144 2154 207 2216 Qui
221 2172 313 2210 mores
327 2154 471 2210 hominum
485 2157 635 2212 multorum
651 2157 719 2212 vidit
733 2168 761 2212 et
775 2159 884 2214 urbes''

146 2231 215 2289 Nou
229 2231 336 2289 fumum
349 2250 385 2286 ex
398 2231 515 2306 fulgore,
530 2234 579 2288 sed
593 2251 629 2287 ex
643 2233 719 2289 fumo
733 2235 800 2289 dare
813 2228 905 2291 lucem

145 2309 269 2382 Cogitat,
284 2319 315 2363 ut
328 2309 455 2382 speciosa
468 2309 572 2364 dehinc
586 2309 722 2364 miracula
735 2322 852 2383 promat,

145 2385 321 2459 Antiphaten
335 2386 513 2460 Scyllamque
527 2396 633 2441 etcum
648 2386 773 2460 Cyclope
785 2387 963 2462 Charybdim
1027 2391 1082 2447 145

145 2461 211 2518 Nec
223 2462 344 2518 reditum
358 2462 504 2519 Diomedis
518 2464 554 2518 ab
568 2461 681 2518 interitu
696 2462 844 2537 Meleagri,

146 2539 210 2596 Nec
223 2540 338 2613 gemino
351 2540 457 2595 bellum
471 2540 628 2614 Troianum
643 2541 749 2596 orditur
763 2541 798 2596 ab
811 2560 871 2598 ovo.

146 2618 266 2690 Semper
281 2617 316 2672 ad
329 2628 461 2680 eventurn
476 2618 604 2684 festinat3
625 2627 654 2673 et
668 2618 697 2672 in
711 2619 818 2673 medias
832 2637 886 2690 res,

144 2693 212 2749 Non
226 2711 309 2748 secus
323 2713 357 2749 ac
371 2704 461 2765 notas,
475 2695 631 2750 auditorem
644 2695 716 2768 rapit
728 2714 734 2759 ;
755 2707 793 2766 et,
807 2691 889 2769 quae'

144 2769 283 2844 Desperat
295 2781 414 2827 tractata
427 2773 566 2828 nitescere
579 2791 670 2846 posse,
684 2773 815 2847 relinquit
826 2794 834 2841 ;
1028 2775 1083 2830 150

144 2848 240 2920 Atque
254 2848 293 2903 ita
305 2848 449 2917 mentitur,
464 2850 505 2903 sic
519 2850 591 2913 veris
605 2849 674 2904 falsa
687 2851 827 2921 remiscet,

144 2923 240 2980 Primo
252 2943 290 2980 ne
304 2926 440 2993 medium,
454 2925 548 2980 medio
561 2944 597 2979 ne
611 2926 751 2999 discrepet
765 2928 866 2996 imum.¹

182 3000 242 3070 Tu,
255 3000 323 3074 quid
336 3013 390 3075 ego
403 3013 432 3056 et
445 3002 564 3075 populus
578 3019 690 3056 mecum
704 3003 853 3074 desideret,
868 3006 950 3061 audi:

144 3077 176 3133 Si
189 3078 325 3152 plausoris
338 3097 405 3152 eges
416 3078 505 3133 aulrea
518 3076 667 3148 manentis
682 3089 710 3133 et
723 3098 810 3153 nsque

144 3155 266 3224 Sessuri,
280 3155 372 3210 done'c
385 3165 492 3224 cantor,
507 3155 592 3211 “Vos
605 3155 757 3229 plaudite,’'
770 3157 854 3228 dicat,
1029 3161 1093 3220 155Κ

145 3231 249 3288 AEtatis
263 3231 398 3304 cujusque
413 3232 528 3287 notandi
543 3244 609 3287 sunt
622 3233 672 3288 tibi
688 3253 788 3304 mores,

144 3307 353 3381 Mobilibusque
366 3309 452 3365 decor
465 3308 574 3364 naturis
588 3310 699 3365 dandus
712 3321 740 3365 et
754 3311 844 3366 annis.

143 3381 279 3441 Reddere
292 3386 341 3457 qui
354 3404 438 3441 voces
449 3384 508 3458 jam
522 3386 575 3441 s‘cit
587 3405 667 3459 puer,
680 3397 710 3442 et
721 3388 883 3460 pedecerto

144 3461 246 3536 Signat
259 3463 387 3530 humum,
401 3463 485 3535 gestit
497 3463 612 3551 paribus
624 3464 776 3532 colludere,
791 3474 819 3518 et
832 3465 902 3520 iram

143 3539 259 3612 Colligit
272 3557 307 3593 ac
319 3537 399 3611 ponit
412 3548 529 3608 temere,
544 3550 573 3594 et
593 3551 717 3595 mutatur
732 3541 761 3595 in
776 3541 865 3596 boras.
1026 3544 1081 3600 160

143 3614 294 3671 Imberbus
304 3615 427 3688 juvenis,
440 3618 554 3672 taudem
569 3618 686 3672 custode
700 3627 818 3687 remoto,

142 3692 256 3749 Gaudet
268 3691 349 3765 equis
361 3693 536 3765 canibusque
549 3704 578 3748 et
592 3693 678 3766 aprici
693 3693 819 3766 gramine
834 3694 951 3769 Gampi;

143 3769 253 3826 Cereus
267 3768 297 3824 in
311 3767 510 3900 viuupfiqecd,
524 3769 708 3825 monitoribus
722 3789 813 3844 asper,
