<?xml version="1.0" encoding="UTF-8"?>
<!DOCTYPE html PUBLIC "-//W3C//DTD XHTML 1.0 Transitional//EN"
    "http://www.w3.org/TR/xhtml1/DTD/xhtml1-transitional.dtd">
<html xmlns="http://www.w3.org/1999/xhtml" xml:lang="en" lang="en">
 <head>
  <title>
</title>
<meta http-equiv="Content-Type" content="text/html;charset=utf-8" />
  <meta name='ocr-system' content='tesseract 3.04.00' />
  <meta name='ocr-capabilities' content='ocr_page ocr_carea ocr_par ocr_line ocrx_word'/>
</head>
<body>
  <div class='ocr_page' id='page_1' title='image "./quintihoratiifl02goulgoog_0189.png"; bbox 0 0 2550 4225; ppageno 0'>
   <div class='ocr_carea' id='block_1_1' title="bbox 145 278 797 349">
    <p class='ocr_par' dir='ltr' id='par_1_1' title="bbox 145 278 797 349">
     <span class='ocr_line' id='line_1_1' title="bbox 145 278 797 349; baseline -0.011 -15"><span class='ocrx_word' id='word_1_1' title='bbox 145 281 203 345; x_wconf 74' lang='lat' dir='ltr'>rra</span> <span class='ocrx_word' id='word_1_2' title='bbox 453 280 497 349; x_wconf 55' lang='lat' dir='ltr'>,a</span> <span class='ocrx_word' id='word_1_3' title='bbox 514 280 659 329; x_wconf 71' lang='lat' dir='ltr'>nonsart</span> <span class='ocrx_word' id='word_1_4' title='bbox 675 278 797 328; x_wconf 71' lang='lat' dir='ltr'>rancor</span> 
     </span>
    </p>
   </div>
   <div class='ocr_carea' id='block_1_2' title="bbox 97 418 1118 2119">
    <p class='ocr_par' dir='ltr' id='par_1_2' title="bbox 97 418 1118 2119">
     <span class='ocr_line' id='line_1_2' title="bbox 182 418 766 496; baseline 0.003 -20"><span class='ocrx_word' id='word_1_5' title='bbox 182 418 236 476; x_wconf 87' lang='lat' dir='ltr'>Ille</span> <span class='ocrx_word' id='word_1_6' title='bbox 249 419 363 477; x_wconf 85' lang='lat' dir='ltr'>Bioneis</span> <span class='ocrx_word' id='word_1_7' title='bbox 376 421 552 479; x_wconf 76' lang='lat' dir='ltr'>sermonibus</span> <span class='ocrx_word' id='word_1_8' title='bbox 564 432 594 479; x_wconf 90' lang='lat' dir='ltr'>et</span> <span class='ocrx_word' id='word_1_9' title='bbox 606 421 665 479; x_wconf 86' lang='lat' dir='ltr'>sale</span> <span class='ocrx_word' id='word_1_10' title='bbox 678 420 766 496; x_wconf 81' lang='lat' dir='ltr'>nigro.</span> 
     </span>
     <span class='ocr_line' id='line_1_3' title="bbox 182 496 889 573; baseline -0.001 -20"><span class='ocrx_word' id='word_1_11' title='bbox 182 496 256 553; x_wconf 86' lang='lat' dir='ltr'>Tres</span> <span class='ocrx_word' id='word_1_12' title='bbox 269 497 339 553; x_wconf 92' lang='lat' dir='ltr'>mihi</span> <span class='ocrx_word' id='word_1_13' title='bbox 352 499 476 559; x_wconf 77' lang='lat' dir='ltr'>convivae</span> <span class='ocrx_word' id='word_1_14' title='bbox 489 498 577 573; x_wconf 77' lang='lat' dir='ltr'>prope</span> <span class='ocrx_word' id='word_1_15' title='bbox 590 499 738 555; x_wconf 79' lang='lat' dir='ltr'>dissentire</span> <span class='ocrx_word' id='word_1_16' title='bbox 752 498 889 565; x_wconf 89' lang='lat' dir='ltr'>videntur,</span> 
     </span>
     <span class='ocr_line' id='line_1_4' title="bbox 182 573 803 649; baseline 0.003 -20"><span class='ocrx_word' id='word_1_17' title='bbox 182 573 335 630; x_wconf 86' lang='lat' dir='ltr'>Pascentes</span> <span class='ocrx_word' id='word_1_18' title='bbox 349 576 426 633; x_wconf 88' lang='lat' dir='ltr'>vario</span> <span class='ocrx_word' id='word_1_19' title='bbox 438 573 560 632; x_wconf 77' lang='lat' dir='ltr'>multum</span> <span class='ocrx_word' id='word_1_20' title='bbox 574 576 684 631; x_wconf 76' lang='lat' dir='ltr'>diversa</span> <span class='ocrx_word' id='word_1_21' title='bbox 696 576 803 649; x_wconf 89' lang='lat' dir='ltr'>palato:</span> 
     </span>
     <span class='ocr_line' id='line_1_5' title="bbox 180 650 1064 725; baseline -0.002 -14"><span class='ocrx_word' id='word_1_22' title='bbox 180 650 262 711; x_wconf 78' lang='lat' dir='ltr'>Quid</span> <span class='ocrx_word' id='word_1_23' title='bbox 276 652 363 706; x_wconf 73' lang='lat' dir='ltr'>demi</span> <span class='ocrx_word' id='word_1_24' title='bbox 383 654 451 724; x_wconf 92' lang='lat' dir='ltr'>quid</span> <span class='ocrx_word' id='word_1_25' title='bbox 466 671 524 709; x_wconf 88' lang='lat' dir='ltr'>non</span> <span class='ocrx_word' id='word_1_26' title='bbox 537 653 623 708; x_wconf 73' lang='lat' dir='ltr'>dem?</span> <span class='ocrx_word' id='word_1_27' title='bbox 644 653 739 708; x_wconf 90' lang='lat' dir='ltr'>renuis</span> <span class='ocrx_word' id='word_1_28' title='bbox 751 662 782 707; x_wconf 92' lang='lat' dir='ltr'>tu</span> <span class='ocrx_word' id='word_1_29' title='bbox 795 650 870 725; x_wconf 91' lang='lat' dir='ltr'>quod</span> <span class='ocrx_word' id='word_1_30' title='bbox 881 650 962 723; x_wconf 88' lang='lat' dir='ltr'>jubet</span> <span class='ocrx_word' id='word_1_31' title='bbox 975 650 1064 719; x_wconf 63' lang='lat' dir='ltr'>alten</span> 
     </span>
     <span class='ocr_line' id='line_1_6' title="bbox 145 727 993 802; baseline 0.002 -19"><span class='ocrx_word' id='word_1_32' title='bbox 145 758 158 795; x_wconf 53' lang='grc' dir='ltr'>χ</span> <span class='ocrx_word' id='word_1_33' title='bbox 180 727 268 789; x_wconf 78' lang='lat' dir='ltr'>Quod</span> <span class='ocrx_word' id='word_1_34' title='bbox 282 729 363 801; x_wconf 91' lang='lat' dir='ltr'>petis,</span> <span class='ocrx_word' id='word_1_35' title='bbox 377 730 406 784; x_wconf 92' lang='lat' dir='ltr'>id</span> <span class='ocrx_word' id='word_1_36' title='bbox 420 728 490 786; x_wconf 75' lang='lat' dir='ltr'>sane</span> <span class='ocrx_word' id='word_1_37' title='bbox 504 740 547 785; x_wconf 88' lang='lat' dir='ltr'>est</span> <span class='ocrx_word' id='word_1_38' title='bbox 560 730 681 785; x_wconf 85' lang='lat' dir='ltr'>invisum</span> <span class='ocrx_word' id='word_1_39' title='bbox 695 730 862 802; x_wconf 82' lang='lat' dir='ltr'>acidumque</span> <span class='ocrx_word' id='word_1_40' title='bbox 876 728 993 785; x_wconf 74' lang='lat' dir='ltr'>duobus</span> 
     </span>
     <span class='ocr_line' id='line_1_7' title="bbox 218 801 915 881; baseline -0.001 -20"><span class='ocrx_word' id='word_1_41' title='bbox 218 801 325 861; x_wconf 74' lang='lat' dir='ltr'>Praeter</span> <span class='ocrx_word' id='word_1_42' title='bbox 338 816 449 877; x_wconf 79' lang='lat' dir='ltr'>cetera,</span> <span class='ocrx_word' id='word_1_43' title='bbox 463 825 509 863; x_wconf 89' lang='lat' dir='ltr'>me</span> <span class='ocrx_word' id='word_1_44' title='bbox 520 806 659 863; x_wconf 74' lang='lat' dir='ltr'>Romane</span> <span class='ocrx_word' id='word_1_45' title='bbox 671 810 803 881; x_wconf 73' lang='lat' dir='ltr'>poemata</span> <span class='ocrx_word' id='word_1_46' title='bbox 815 822 915 861; x_wconf 87' lang='lat' dir='ltr'>censes</span> 
     </span>
     <span class='ocr_line' id='line_1_8' title="bbox 181 882 891 957; baseline -0.001 -19"><span class='ocrx_word' id='word_1_47' title='bbox 181 882 312 939; x_wconf 80' lang='lat' dir='ltr'><strong>Scribere</strong></span> <span class='ocrx_word' id='word_1_48' title='bbox 325 902 406 956; x_wconf 90' lang='lat' dir='ltr'>posse</span> <span class='ocrx_word' id='word_1_49' title='bbox 420 885 493 941; x_wconf 88' lang='lat' dir='ltr'>inter</span> <span class='ocrx_word' id='word_1_50' title='bbox 503 894 544 940; x_wconf 90' lang='lat' dir='ltr'>tot</span> <span class='ocrx_word' id='word_1_51' title='bbox 557 902 640 941; x_wconf 87' lang='lat' dir='ltr'>curas</span> <span class='ocrx_word' id='word_1_52' title='bbox 653 894 748 957; x_wconf 90' lang='lat' dir='ltr'>totque</span> <span class='ocrx_word' id='word_1_53' title='bbox 761 882 891 940; x_wconf 81' lang='lat' dir='ltr'>laboresl</span> 
     </span>
     <span class='ocr_line' id='line_1_9' title="bbox 180 958 934 1035; baseline -0.001 -20"><span class='ocrx_word' id='word_1_54' title='bbox 180 959 239 1015; x_wconf 88' lang='lat' dir='ltr'>Hic</span> <span class='ocrx_word' id='word_1_55' title='bbox 252 979 385 1034; x_wconf 85' lang='lat' dir='ltr'>sponsum</span> <span class='ocrx_word' id='word_1_56' title='bbox 399 972 489 1033; x_wconf 85' lang='lat' dir='ltr'>vocat,</span> <span class='ocrx_word' id='word_1_57' title='bbox 503 962 550 1017; x_wconf 91' lang='lat' dir='ltr'>hic</span> <span class='ocrx_word' id='word_1_58' title='bbox 562 963 690 1019; x_wconf 84' lang='lat' dir='ltr'>auditum</span> <span class='ocrx_word' id='word_1_59' title='bbox 704 962 816 1035; x_wconf 88' lang='lat' dir='ltr'>scripta,</span> <span class='ocrx_word' id='word_1_60' title='bbox 830 958 934 1015; x_wconf 89' lang='lat' dir='ltr'>relictis</span> 
     </span>
     <span class='ocr_line' id='line_1_10' title="bbox 180 1035 884 1107; baseline 0 -15"><span class='ocrx_word' id='word_1_61' title='bbox 180 1035 323 1095; x_wconf 76' lang='lat' dir='ltr'>Omnibus</span> <span class='ocrx_word' id='word_1_62' title='bbox 334 1038 434 1095; x_wconf 86' lang='lat' dir='ltr'>officiis</span> <span class='ocrx_word' id='word_1_63' title='bbox 444 1046 454 1095; x_wconf 79' lang='lat'>:¹</span> <span class='ocrx_word' id='word_1_64' title='bbox 470 1040 556 1102; x_wconf 79' lang='lat' dir='ltr'>cubat</span> <span class='ocrx_word' id='word_1_65' title='bbox 568 1040 615 1095; x_wconf 89' lang='lat' dir='ltr'>hic</span> <span class='ocrx_word' id='word_1_66' title='bbox 629 1040 659 1096; x_wconf 90' lang='lat' dir='ltr'>in</span> <span class='ocrx_word' id='word_1_67' title='bbox 672 1039 745 1095; x_wconf 90' lang='lat' dir='ltr'>colle</span> <span class='ocrx_word' id='word_1_68' title='bbox 758 1037 884 1107; x_wconf 81' lang='lat' dir='ltr'>Quirini,</span> 
     </span>
     <span class='ocr_line' id='line_1_11' title="bbox 180 1114 882 1209; baseline -0.003 -38"><span class='ocrx_word' id='word_1_69' title='bbox 180 1114 239 1171; x_wconf 91' lang='lat' dir='ltr'>Hic</span> <span class='ocrx_word' id='word_1_70' title='bbox 253 1128 378 1172; x_wconf 80' lang='lat' dir='ltr'>extremo</span> <span class='ocrx_word' id='word_1_71' title='bbox 392 1118 421 1173; x_wconf 91' lang='lat' dir='ltr'>in</span> <span class='ocrx_word' id='word_1_72' title='bbox 436 1118 593 1185; x_wconf 86' lang='lat' dir='ltr'>Aventino;</span> <span class='ocrx_word' id='word_1_73' title='bbox 613 1117 746 1173; x_wconf 85' lang='lat' dir='ltr'>visendus</span> <span class='ocrx_word' id='word_1_74' title='bbox 759 1126 882 1209; x_wconf 83' lang='lat' dir='ltr'>uterque.</span> 
     </span>
     <span class='ocr_line' id='line_1_12' title="bbox 120 1192 876 1265; baseline -0.007 -12"><span class='ocrx_word' id='word_1_75' title='bbox 120 1244 124 1253; x_wconf 95' lang='lat'><em>.</em></span> <span class='ocrx_word' id='word_1_76' title='bbox 180 1192 330 1249; x_wconf 85' lang='lat' dir='ltr'>Intervalla</span> <span class='ocrx_word' id='word_1_77' title='bbox 343 1194 421 1250; x_wconf 87' lang='lat' dir='ltr'>vides</span> <span class='ocrx_word' id='word_1_78' title='bbox 434 1192 558 1251; x_wconf 75' lang='lat' dir='ltr'>humane</span> <span class='ocrx_word' id='word_1_79' title='bbox 571 1194 876 1265; x_wconf 54' lang='lat' dir='ltr'>commodae-Verum</span> 
     </span>
     <span class='ocr_line' id='line_1_13' title="bbox 180 1269 958 1344; baseline -0.001 -19"><span class='ocrx_word' id='word_1_80' title='bbox 180 1269 262 1325; x_wconf 82' lang='lat' dir='ltr'>Parae</span> <span class='ocrx_word' id='word_1_81' title='bbox 275 1281 341 1326; x_wconf 89' lang='lat' dir='ltr'>sunt</span> <span class='ocrx_word' id='word_1_82' title='bbox 354 1272 463 1344; x_wconf 76' lang='lat' dir='ltr'>plateae,</span> <span class='ocrx_word' id='word_1_83' title='bbox 476 1272 545 1329; x_wconf 92' lang='lat' dir='ltr'>nihil</span> <span class='ocrx_word' id='word_1_84' title='bbox 560 1282 592 1327; x_wconf 89' lang='lat' dir='ltr'>ut</span> <span class='ocrx_word' id='word_1_85' title='bbox 604 1271 806 1329; x_wconf 79' lang='lat' dir='ltr'>meditantibus</span> <span class='ocrx_word' id='word_1_86' title='bbox 818 1270 958 1327; x_wconf 86' lang='lat' dir='ltr'>obstet-</span> 
     </span>
     <span class='ocr_line' id='line_1_14' title="bbox 97 1346 1066 1424; baseline 0.001 -21"><span class='ocrx_word' id='word_1_87' title='bbox 97 1393 105 1413; x_wconf 66' lang='lat'>,</span> <span class='ocrx_word' id='word_1_88' title='bbox 180 1346 309 1404; x_wconf 79' lang='lat' dir='ltr'>Festinat</span> <span class='ocrx_word' id='word_1_89' title='bbox 321 1349 430 1405; x_wconf 88' lang='lat' dir='ltr'>calidus</span> <span class='ocrx_word' id='word_1_90' title='bbox 442 1350 526 1405; x_wconf 89' lang='lat' dir='ltr'>mulis</span> <span class='ocrx_word' id='word_1_91' title='bbox 539 1350 698 1424; x_wconf 81' lang='lat' dir='ltr'>gerulisque</span> <span class='ocrx_word' id='word_1_92' title='bbox 711 1348 886 1422; x_wconf 58' lang='lat' dir='ltr'>redemptam</span> <span class='ocrx_word' id='word_1_93' title='bbox 1064 1394 1066 1404; x_wconf 26' lang='grc' dir='ltr'>ὲ</span> 
     </span>
     <span class='ocr_line' id='line_1_15' title="bbox 108 1407 1068 1527; baseline 0 -47"><span class='ocrx_word' id='word_1_94' title='bbox 108 1437 120 1455; x_wconf 42' lang='lat' dir='ltr'>t</span> <span class='ocrx_word' id='word_1_95' title='bbox 180 1424 307 1498; x_wconf 84' lang='lat' dir='ltr'>Torquet</span> <span class='ocrx_word' id='word_1_96' title='bbox 319 1444 398 1483; x_wconf 90' lang='lat' dir='ltr'>nunc</span> <span class='ocrx_word' id='word_1_97' title='bbox 409 1428 541 1501; x_wconf 76' lang='lat' dir='ltr'>lapidem,</span> <span class='ocrx_word' id='word_1_98' title='bbox 555 1446 633 1483; x_wconf 87' lang='lat' dir='ltr'>nunc</span> <span class='ocrx_word' id='word_1_99' title='bbox 647 1427 748 1501; x_wconf 80' lang='lat' dir='ltr'>ingens</span> <span class='ocrx_word' id='word_1_100' title='bbox 761 1425 893 1481; x_wconf 90' lang='lat' dir='ltr'>machina</span> <span class='ocrx_word' id='word_1_101' title='bbox 906 1407 1068 1527; x_wconf 55' lang='lat' dir='ltr'>inl)</span> 
     </span>
     <span class='ocr_line' id='line_1_16' title="bbox 175 1496 844 1577; baseline 0.003 -20"><span class='ocrx_word' id='word_1_102' title='bbox 175 1496 287 1559; x_wconf 78' lang='lat' dir='ltr'>Tristia</span> <span class='ocrx_word' id='word_1_103' title='bbox 300 1503 420 1561; x_wconf 87' lang='lat' dir='ltr'>robustis</span> <span class='ocrx_word' id='word_1_104' title='bbox 431 1504 574 1562; x_wconf 82' lang='lat' dir='ltr'>luctantur</span> <span class='ocrx_word' id='word_1_105' title='bbox 587 1506 687 1561; x_wconf 86' lang='lat' dir='ltr'>funera</span> <span class='ocrx_word' id='word_1_106' title='bbox 699 1504 844 1577; x_wconf 79' lang='lat' dir='ltr'>plaustris3</span> 
     </span>
     <span class='ocr_line' id='line_1_17' title="bbox 180 1579 1118 1656; baseline 0.001 -21"><span class='ocrx_word' id='word_1_107' title='bbox 180 1579 246 1635; x_wconf 79' lang='lat' dir='ltr'>Hae</span> <span class='ocrx_word' id='word_1_108' title='bbox 258 1581 368 1637; x_wconf 88' lang='lat' dir='ltr'>rabiosa</span> <span class='ocrx_word' id='word_1_109' title='bbox 381 1582 453 1656; x_wconf 86' lang='lat' dir='ltr'>sugit</span> <span class='ocrx_word' id='word_1_110' title='bbox 466 1583 555 1653; x_wconf 89' lang='lat' dir='ltr'>cauis,</span> <span class='ocrx_word' id='word_1_111' title='bbox 570 1584 625 1639; x_wconf 73' lang='lat' dir='ltr'>hirc</span> <span class='ocrx_word' id='word_1_112' title='bbox 638 1582 776 1639; x_wconf 87' lang='lat' dir='ltr'>lutulenta</span> <span class='ocrx_word' id='word_1_113' title='bbox 789 1580 845 1638; x_wconf 93' lang='lat' dir='ltr'>ruit</span> <span class='ocrx_word' id='word_1_114' title='bbox 857 1600 921 1637; x_wconf 83' lang='lat' dir='ltr'>sua:</span> <span class='ocrx_word' id='word_1_115' title='bbox 1078 1582 1118 1637; x_wconf 83' lang='lat'>75</span> 
     </span>
     <span class='ocr_line' id='line_1_18' title="bbox 179 1655 845 1729; baseline 0.002 -16"><span class='ocrx_word' id='word_1_116' title='bbox 179 1655 296 1729; x_wconf 76' lang='lat' dir='ltr'>Inane,</span> <span class='ocrx_word' id='word_1_117' title='bbox 310 1671 339 1715; x_wconf 92' lang='lat' dir='ltr'>et</span> <span class='ocrx_word' id='word_1_118' title='bbox 351 1679 448 1717; x_wconf 86' lang='lat' dir='ltr'>versus</span> <span class='ocrx_word' id='word_1_119' title='bbox 460 1670 556 1717; x_wconf 87' lang='lat' dir='ltr'>tecum</span> <span class='ocrx_word' id='word_1_120' title='bbox 570 1661 706 1717; x_wconf 86' lang='lat' dir='ltr'>meditare</span> <span class='ocrx_word' id='word_1_121' title='bbox 720 1678 845 1717; x_wconf 84' lang='lat' dir='ltr'>canoros.</span> 
     </span>
     <span class='ocr_line' id='line_1_19' title="bbox 181 1735 1012 1810; baseline 0.007 -20"><span class='ocrx_word' id='word_1_122' title='bbox 181 1735 356 1809; x_wconf 83' lang='lat' dir='ltr'>Scriptorum</span> <span class='ocrx_word' id='word_1_123' title='bbox 369 1738 472 1793; x_wconf 90' lang='lat' dir='ltr'>chorus</span> <span class='ocrx_word' id='word_1_124' title='bbox 483 1739 577 1795; x_wconf 87' lang='lat' dir='ltr'>omnia</span> <span class='ocrx_word' id='word_1_125' title='bbox 590 1750 666 1795; x_wconf 86' lang='lat' dir='ltr'>amat</span> <span class='ocrx_word' id='word_1_126' title='bbox 679 1756 780 1794; x_wconf 88' lang='lat' dir='ltr'>namus</span> <span class='ocrx_word' id='word_1_127' title='bbox 792 1746 821 1793; x_wconf 89' lang='lat' dir='ltr'>et</span> <span class='ocrx_word' id='word_1_128' title='bbox 835 1735 906 1810; x_wconf 83' lang='lat' dir='ltr'>sugit</span> <span class='ocrx_word' id='word_1_129' title='bbox 919 1736 1012 1805; x_wconf 70' lang='lat' dir='ltr'>urbes,</span> 
     </span>
     <span class='ocr_line' id='line_1_20' title="bbox 179 1810 920 1889; baseline 0.003 -22"><span class='ocrx_word' id='word_1_130' title='bbox 179 1810 250 1868; x_wconf 78' lang='lat' dir='ltr'>Rite</span> <span class='ocrx_word' id='word_1_131' title='bbox 265 1813 353 1871; x_wconf 89' lang='lat' dir='ltr'>cliens</span> <span class='ocrx_word' id='word_1_132' title='bbox 367 1814 474 1871; x_wconf 90' lang='lat' dir='ltr'>Bacchi</span> <span class='ocrx_word' id='word_1_133' title='bbox 487 1834 587 1871; x_wconf 87' lang='lat' dir='ltr'>somno</span> <span class='ocrx_word' id='word_1_134' title='bbox 599 1814 750 1889; x_wconf 89' lang='lat' dir='ltr'>gaudentis</span> <span class='ocrx_word' id='word_1_135' title='bbox 763 1823 792 1869; x_wconf 91' lang='lat' dir='ltr'>et</span> <span class='ocrx_word' id='word_1_136' title='bbox 805 1813 920 1871; x_wconf 70' lang='lat' dir='ltr'>umbri:</span> 
     </span>
     <span class='ocr_line' id='line_1_21' title="bbox 178 1871 909 1965; baseline 0.003 -22"><span class='ocrx_word' id='word_1_137' title='bbox 178 1888 229 1944; x_wconf 84' lang='lat' dir='ltr'>Tu</span> <span class='ocrx_word' id='word_1_138' title='bbox 243 1908 288 1945; x_wconf 90' lang='lat' dir='ltr'>me</span> <span class='ocrx_word' id='word_1_139' title='bbox 301 1891 374 1947; x_wconf 88' lang='lat' dir='ltr'>inter</span> <span class='ocrx_word' id='word_1_140' title='bbox 387 1893 519 1965; x_wconf 90' lang='lat' dir='ltr'>strepitus</span> <span class='ocrx_word' id='word_1_141' title='bbox 531 1871 684 1949; x_wconf 64' lang='lat' dir='ltr'>noc‘tumcs</span> <span class='ocrx_word' id='word_1_142' title='bbox 698 1902 780 1963; x_wconf 90' lang='lat' dir='ltr'>atque</span> <span class='ocrx_word' id='word_1_143' title='bbox 793 1890 909 1946; x_wconf 90' lang='lat' dir='ltr'>diurnos</span> 
     </span>
     <span class='ocr_line' id='line_1_22' title="bbox 179 1965 902 2042; baseline 0 -20"><span class='ocrx_word' id='word_1_144' title='bbox 179 1965 231 2022; x_wconf 89' lang='lat' dir='ltr'>Vis</span> <span class='ocrx_word' id='word_1_145' title='bbox 244 1985 357 2038; x_wconf 83' lang='lat' dir='ltr'>canere,</span> <span class='ocrx_word' id='word_1_146' title='bbox 370 1978 399 2023; x_wconf 93' lang='lat' dir='ltr'>et</span> <span class='ocrx_word' id='word_1_147' title='bbox 411 1979 556 2024; x_wconf 90' lang='lat' dir='ltr'>contracta</span> <span class='ocrx_word' id='word_1_148' title='bbox 568 1970 648 2042; x_wconf 85' lang='lat' dir='ltr'>sequi</span> <span class='ocrx_word' id='word_1_149' title='bbox 661 1968 778 2041; x_wconf 80' lang='lat' dir='ltr'>vestigia</span> <span class='ocrx_word' id='word_1_150' title='bbox 791 1968 902 2023; x_wconf 83' lang='lat' dir='ltr'>vatuml</span> 
     </span>
     <span class='ocr_line' id='line_1_23' title="bbox 179 2040 934 2119; baseline 0.005 -22"><span class='ocrx_word' id='word_1_151' title='bbox 179 2040 341 2116; x_wconf 84' lang='lat' dir='ltr'>Ingenium,</span> <span class='ocrx_word' id='word_1_152' title='bbox 355 2044 409 2099; x_wconf 92' lang='lat' dir='ltr'>sibi</span> <span class='ocrx_word' id='word_1_153' title='bbox 420 2044 495 2118; x_wconf 90' lang='lat' dir='ltr'>qnod</span> <span class='ocrx_word' id='word_1_154' title='bbox 510 2058 612 2100; x_wconf 82' lang='lat' dir='ltr'>vacuas</span> <span class='ocrx_word' id='word_1_155' title='bbox 625 2044 781 2119; x_wconf 87' lang='lat' dir='ltr'>desumpsit</span> <span class='ocrx_word' id='word_1_156' title='bbox 794 2044 934 2114; x_wconf 78' lang='lat' dir='ltr'>Athenas,</span> 
     </span>
    </p>
   </div>
   <div class='ocr_carea' id='block_1_3' title="bbox 176 2118 990 2579">
    <p class='ocr_par' dir='ltr' id='par_1_3' title="bbox 179 2118 847 2196">
     <span class='ocr_line' id='line_1_24' title="bbox 179 2118 847 2196; baseline 0 -21"><span class='ocrx_word' id='word_1_157' title='bbox 179 2118 217 2175; x_wconf 87' lang='lat' dir='ltr'>Et</span> <span class='ocrx_word' id='word_1_158' title='bbox 229 2120 330 2176; x_wconf 87' lang='lat' dir='ltr'>studiis</span> <span class='ocrx_word' id='word_1_159' title='bbox 343 2140 433 2177; x_wconf 89' lang='lat' dir='ltr'>annos</span> <span class='ocrx_word' id='word_1_160' title='bbox 445 2133 554 2196; x_wconf 83' lang='lat' dir='ltr'>septem</span> <span class='ocrx_word' id='word_1_161' title='bbox 567 2123 655 2193; x_wconf 88' lang='lat' dir='ltr'>dedit,</span> <span class='ocrx_word' id='word_1_162' title='bbox 669 2122 847 2194; x_wconf 87' lang='lat' dir='ltr'>insenuitque</span> 
     </span>
    </p>

    <p class='ocr_par' dir='ltr' id='par_1_4' title="bbox 177 2195 768 2267">
     <span class='ocr_line' id='line_1_25' title="bbox 177 2195 768 2267; baseline 0.002 -15"><span class='ocrx_word' id='word_1_163' title='bbox 177 2195 271 2254; x_wconf 84' lang='lat' dir='ltr'>Libris</span> <span class='ocrx_word' id='word_1_164' title='bbox 283 2209 313 2253; x_wconf 92' lang='lat' dir='ltr'>et</span> <span class='ocrx_word' id='word_1_165' title='bbox 325 2199 410 2267; x_wconf 88' lang='lat' dir='ltr'>curis,</span> <span class='ocrx_word' id='word_1_166' title='bbox 424 2200 516 2256; x_wconf 79' lang='lat' dir='ltr'>staturi</span> <span class='ocrx_word' id='word_1_167' title='bbox 529 2199 697 2258; x_wconf 71' lang='lat' dir='ltr'>taciturnius</span> <span class='ocrx_word' id='word_1_168' title='bbox 711 2199 768 2254; x_wconf 82' lang='lat' dir='ltr'>exit</span> 
     </span>
    </p>

    <p class='ocr_par' dir='ltr' id='par_1_5' title="bbox 177 2271 990 2351">
     <span class='ocr_line' id='line_1_26' title="bbox 177 2271 990 2351; baseline 0.009 -23"><span class='ocrx_word' id='word_1_169' title='bbox 177 2271 358 2348; x_wconf 77' lang='lat' dir='ltr'>Plerumque,</span> <span class='ocrx_word' id='word_1_170' title='bbox 372 2284 401 2330; x_wconf 89' lang='lat' dir='ltr'>et</span> <span class='ocrx_word' id='word_1_171' title='bbox 413 2277 472 2332; x_wconf 89' lang='lat' dir='ltr'>risu</span> <span class='ocrx_word' id='word_1_172' title='bbox 484 2277 617 2351; x_wconf 88' lang='lat' dir='ltr'>populum</span> <span class='ocrx_word' id='word_1_173' title='bbox 631 2277 738 2350; x_wconf 91' lang='lat' dir='ltr'>quatit:</span> <span class='ocrx_word' id='word_1_174' title='bbox 761 2275 808 2332; x_wconf 83' lang='lat' dir='ltr'>hic</span> <span class='ocrx_word' id='word_1_175' title='bbox 821 2295 884 2350; x_wconf 86' lang='lat' dir='ltr'>ego,</span> <span class='ocrx_word' id='word_1_176' title='bbox 898 2293 990 2335; x_wconf 84' lang='lat' dir='ltr'>rarum</span> 
     </span>
    </p>

    <p class='ocr_par' dir='ltr' id='par_1_6' title="bbox 176 2351 852 2428">
     <span class='ocr_line' id='line_1_27' title="bbox 176 2351 852 2428; baseline 0.004 -23"><span class='ocrx_word' id='word_1_177' title='bbox 176 2351 327 2407; x_wconf 83' lang='lat' dir='ltr'>Fluctibus</span> <span class='ocrx_word' id='word_1_178' title='bbox 340 2351 370 2408; x_wconf 93' lang='lat' dir='ltr'>in</span> <span class='ocrx_word' id='word_1_179' title='bbox 384 2353 486 2410; x_wconf 87' lang='lat' dir='ltr'>mediis</span> <span class='ocrx_word' id='word_1_180' title='bbox 498 2365 527 2409; x_wconf 90' lang='lat' dir='ltr'>et</span> <span class='ocrx_word' id='word_1_181' title='bbox 540 2355 752 2428; x_wconf 86' lang='lat' dir='ltr'>tempestatibus</span> <span class='ocrx_word' id='word_1_182' title='bbox 766 2353 852 2425; x_wconf 91' lang='lat' dir='ltr'>urbis,</span> 
     </span>
    </p>

    <p class='ocr_par' dir='ltr' id='par_1_7' title="bbox 177 2428 904 2579">
     <span class='ocr_line' id='line_1_28' title="bbox 177 2428 904 2504; baseline 0.004 -19"><span class='ocrx_word' id='word_1_183' title='bbox 177 2428 273 2485; x_wconf 88' lang='lat' dir='ltr'>Verba</span> <span class='ocrx_word' id='word_1_184' title='bbox 285 2429 352 2503; x_wconf 85' lang='lat' dir='ltr'>lyrae</span> <span class='ocrx_word' id='word_1_185' title='bbox 366 2440 476 2488; x_wconf 89' lang='lat' dir='ltr'>motura</span> <span class='ocrx_word' id='word_1_186' title='bbox 488 2450 588 2488; x_wconf 86' lang='lat' dir='ltr'>senum</span> <span class='ocrx_word' id='word_1_187' title='bbox 602 2443 771 2488; x_wconf 88' lang='lat' dir='ltr'>connectere</span> <span class='ocrx_word' id='word_1_188' title='bbox 786 2431 904 2504; x_wconf 85' lang='lat' dir='ltr'>dignerl</span> 
     </span>
     <span class='ocr_line' id='line_1_29' title="bbox 216 2504 881 2579; baseline 0.005 -18"><span class='ocrx_word' id='word_1_189' title='bbox 216 2504 314 2562; x_wconf 81' lang='lat' dir='ltr'>Frater</span> <span class='ocrx_word' id='word_1_190' title='bbox 327 2518 387 2562; x_wconf 85' lang='lat' dir='ltr'>erat</span> <span class='ocrx_word' id='word_1_191' title='bbox 400 2506 502 2564; x_wconf 76' lang='lat' dir='ltr'>Rome</span> <span class='ocrx_word' id='word_1_192' title='bbox 515 2510 636 2566; x_wconf 91' lang='lat' dir='ltr'>consulti</span> <span class='ocrx_word' id='word_1_193' title='bbox 649 2511 754 2579; x_wconf 89' lang='lat' dir='ltr'>rhetor,</span> <span class='ocrx_word' id='word_1_194' title='bbox 768 2519 800 2564; x_wconf 91' lang='lat' dir='ltr'>ut</span> <span class='ocrx_word' id='word_1_195' title='bbox 808 2509 881 2564; x_wconf 77' lang='lat' dir='ltr'>&#39;alter</span> 
     </span>
    </p>
   </div>
   <div class='ocr_carea' id='block_1_4' title="bbox 169 2584 1140 3826">
    <p class='ocr_par' dir='ltr' id='par_1_8' title="bbox 176 2584 827 2653">
     <span class='ocr_line' id='line_1_30' title="bbox 176 2584 827 2653; baseline 0.002 -14"><span class='ocrx_word' id='word_1_196' title='bbox 176 2584 304 2640; x_wconf 84' lang='lat' dir='ltr'>Alterius</span> <span class='ocrx_word' id='word_1_197' title='bbox 317 2603 446 2648; x_wconf 87' lang='lat' dir='ltr'>sermone</span> <span class='ocrx_word' id='word_1_198' title='bbox 459 2605 551 2642; x_wconf 89' lang='lat' dir='ltr'>meros</span> <span class='ocrx_word' id='word_1_199' title='bbox 564 2587 675 2642; x_wconf 89' lang='lat' dir='ltr'>audiret</span> <span class='ocrx_word' id='word_1_200' title='bbox 688 2587 827 2653; x_wconf 62' lang='lat' dir='ltr'>honores}</span> 
     </span>
    </p>

    <p class='ocr_par' dir='ltr' id='par_1_9' title="bbox 175 2661 898 2733">
     <span class='ocr_line' id='line_1_31' title="bbox 175 2661 898 2733; baseline -0.001 -15"><span class='ocrx_word' id='word_1_201' title='bbox 175 2662 324 2718; x_wconf 87' lang='lat' dir='ltr'>Gracchus</span> <span class='ocrx_word' id='word_1_202' title='bbox 337 2673 369 2718; x_wconf 93' lang='lat' dir='ltr'>ut</span> <span class='ocrx_word' id='word_1_203' title='bbox 382 2661 429 2720; x_wconf 89' lang='lat' dir='ltr'>hic</span> <span class='ocrx_word' id='word_1_204' title='bbox 442 2663 484 2720; x_wconf 90' lang='lat' dir='ltr'>illi</span> <span class='ocrx_word' id='word_1_205' title='bbox 497 2664 576 2733; x_wconf 84' lang='lat' dir='ltr'>foret,</span> <span class='ocrx_word' id='word_1_206' title='bbox 591 2664 658 2724; x_wconf 86' lang='lat' dir='ltr'>huic</span> <span class='ocrx_word' id='word_1_207' title='bbox 672 2675 703 2720; x_wconf 88' lang='lat' dir='ltr'>ut</span> <span class='ocrx_word' id='word_1_208' title='bbox 716 2663 830 2719; x_wconf 89' lang='lat' dir='ltr'>Mucius</span> <span class='ocrx_word' id='word_1_209' title='bbox 844 2662 898 2718; x_wconf 89' lang='lat' dir='ltr'>illa.</span> 
     </span>
    </p>

    <p class='ocr_par' dir='ltr' id='par_1_10' title="bbox 174 2736 881 2814">
     <span class='ocr_line' id='line_1_32' title="bbox 174 2736 881 2814; baseline 0.007 -21"><span class='ocrx_word' id='word_1_210' title='bbox 174 2737 237 2799; x_wconf 79' lang='lat' dir='ltr'>Qui</span> <span class='ocrx_word' id='word_1_211' title='bbox 248 2736 345 2813; x_wconf 77' lang='lat' dir='ltr'>minuis</span> <span class='ocrx_word' id='word_1_212' title='bbox 358 2752 472 2814; x_wconf 83' lang='lat' dir='ltr'>argutos</span> <span class='ocrx_word' id='word_1_213' title='bbox 485 2751 566 2796; x_wconf 78' lang='lat' dir='ltr'>vexat</span> <span class='ocrx_word' id='word_1_214' title='bbox 580 2741 655 2796; x_wconf 89' lang='lat' dir='ltr'>suror</span> <span class='ocrx_word' id='word_1_215' title='bbox 668 2741 721 2796; x_wconf 88' lang='lat' dir='ltr'>iste</span> <span class='ocrx_word' id='word_1_216' title='bbox 735 2743 832 2814; x_wconf 70' lang='lat' dir='ltr'>poetas</span> <span class='ocrx_word' id='word_1_217' title='bbox 843 2741 855 2794; x_wconf 88' lang='lat' dir='ltr'>l</span> <span class='ocrx_word' id='word_1_218' title='bbox 877 2793 881 2798; x_wconf 93' lang='grc'><em>,</em></span> 
     </span>
    </p>

    <p class='ocr_par' dir='ltr' id='par_1_11' title="bbox 173 2815 960 3047">
     <span class='ocr_line' id='line_1_33' title="bbox 176 2815 892 2891; baseline 0.006 -20"><span class='ocrx_word' id='word_1_219' title='bbox 176 2815 312 2872; x_wconf 86' lang='lat' dir='ltr'>Carmina</span> <span class='ocrx_word' id='word_1_220' title='bbox 325 2835 472 2890; x_wconf 89' lang='lat' dir='ltr'>compono,</span> <span class='ocrx_word' id='word_1_221' title='bbox 487 2818 534 2872; x_wconf 92' lang='lat' dir='ltr'>hic</span> <span class='ocrx_word' id='word_1_222' title='bbox 547 2817 660 2891; x_wconf 83' lang='lat' dir='ltr'>elegos:</span> <span class='ocrx_word' id='word_1_223' title='bbox 680 2818 807 2876; x_wconf 87' lang='lat' dir='ltr'>mirabile</span> <span class='ocrx_word' id='word_1_224' title='bbox 821 2817 892 2888; x_wconf 83' lang='lat' dir='ltr'>visu,</span> 
     </span>
     <span class='ocr_line' id='line_1_34' title="bbox 175 2893 960 2970; baseline -0.001 -19"><span class='ocrx_word' id='word_1_225' title='bbox 175 2893 368 2967; x_wconf 75' lang='lat' dir='ltr'>Getarumque</span> <span class='ocrx_word' id='word_1_226' title='bbox 382 2913 484 2951; x_wconf 86' lang='lat' dir='ltr'>novem</span> <span class='ocrx_word' id='word_1_227' title='bbox 497 2894 589 2951; x_wconf 85' lang='lat' dir='ltr'>Musis</span> <span class='ocrx_word' id='word_1_228' title='bbox 598 2913 679 2970; x_wconf 83' lang='lat' dir='ltr'>opus.</span> <span class='ocrx_word' id='word_1_229' title='bbox 719 2896 826 2970; x_wconf 87' lang='lat' dir='ltr'>Aspice</span> <span class='ocrx_word' id='word_1_230' title='bbox 838 2893 960 2970; x_wconf 71' lang='lat' dir='ltr'>primurn</span> 
     </span>
     <span class='ocr_line' id='line_1_35' title="bbox 173 2971 879 3047; baseline -0.001 -16"><span class='ocrx_word' id='word_1_231' title='bbox 173 2971 293 3031; x_wconf 78' lang='lat' dir='ltr'>Quanto</span> <span class='ocrx_word' id='word_1_232' title='bbox 307 2989 373 3028; x_wconf 90' lang='lat' dir='ltr'>cnm</span> <span class='ocrx_word' id='word_1_233' title='bbox 387 2972 469 3043; x_wconf 85' lang='lat' dir='ltr'>fastu,</span> <span class='ocrx_word' id='word_1_234' title='bbox 483 2984 588 3047; x_wconf 89' lang='lat' dir='ltr'>quanto</span> <span class='ocrx_word' id='word_1_235' title='bbox 601 2973 746 3032; x_wconf 89' lang='lat' dir='ltr'>molimine</span> <span class='ocrx_word' id='word_1_236' title='bbox 761 2973 879 3030; x_wconf 89' lang='lat' dir='ltr'>circum-</span> 
     </span>
    </p>

    <p class='ocr_par' dir='ltr' id='par_1_12' title="bbox 173 3050 853 3123">
     <span class='ocr_line' id='line_1_36' title="bbox 173 3050 853 3123; baseline 0.004 -20"><span class='ocrx_word' id='word_1_237' title='bbox 173 3059 335 3123; x_wconf 84' lang='lat' dir='ltr'>spectemus</span> <span class='ocrx_word' id='word_1_238' title='bbox 350 3067 467 3108; x_wconf 87' lang='lat' dir='ltr'>racuam</span> <span class='ocrx_word' id='word_1_239' title='bbox 481 3050 621 3108; x_wconf 77' lang='lat' dir='ltr'>Romams</span> <span class='ocrx_word' id='word_1_240' title='bbox 634 3051 743 3108; x_wconf 87' lang='lat' dir='ltr'>vatibus</span> <span class='ocrx_word' id='word_1_241' title='bbox 756 3053 853 3108; x_wconf 85' lang='lat' dir='ltr'>aedem.</span> 
     </span>
    </p>

    <p class='ocr_par' dir='ltr' id='par_1_13' title="bbox 174 3124 956 3203">
     <span class='ocr_line' id='line_1_37' title="bbox 174 3124 956 3203; baseline 0.003 -21"><span class='ocrx_word' id='word_1_242' title='bbox 174 3124 245 3183; x_wconf 86' lang='lat' dir='ltr'>Mox</span> <span class='ocrx_word' id='word_1_243' title='bbox 257 3127 352 3197; x_wconf 90' lang='lat' dir='ltr'>etiam,</span> <span class='ocrx_word' id='word_1_244' title='bbox 366 3127 390 3182; x_wconf 89' lang='lat' dir='ltr'>si</span> <span class='ocrx_word' id='word_1_245' title='bbox 404 3125 475 3184; x_wconf 73' lang='lat' dir='ltr'>forte</span> <span class='ocrx_word' id='word_1_246' title='bbox 490 3146 582 3198; x_wconf 86' lang='lat' dir='ltr'>vacas,</span> <span class='ocrx_word' id='word_1_247' title='bbox 597 3147 724 3202; x_wconf 87' lang='lat' dir='ltr'>sequere,</span> <span class='ocrx_word' id='word_1_248' title='bbox 738 3139 767 3185; x_wconf 91' lang='lat' dir='ltr'>et</span> <span class='ocrx_word' id='word_1_249' title='bbox 779 3129 875 3203; x_wconf 88' lang='lat' dir='ltr'>procul</span> <span class='ocrx_word' id='word_1_250' title='bbox 890 3129 956 3199; x_wconf 79' lang='lat' dir='ltr'>audi</span> 
     </span>
    </p>

    <p class='ocr_par' dir='ltr' id='par_1_14' title="bbox 169 3202 1078 3438">
     <span class='ocr_line' id='line_1_38' title="bbox 169 3202 939 3280; baseline 0.001 -17"><span class='ocrx_word' id='word_1_251' title='bbox 169 3202 255 3263; x_wconf 77' lang='lat' dir='ltr'>Quid</span> <span class='ocrx_word' id='word_1_252' title='bbox 269 3204 340 3264; x_wconf 81' lang='lat' dir='ltr'>serat</span> <span class='ocrx_word' id='word_1_253' title='bbox 352 3214 382 3260; x_wconf 88' lang='lat' dir='ltr'>et</span> <span class='ocrx_word' id='word_1_254' title='bbox 394 3223 480 3278; x_wconf 88' lang='lat' dir='ltr'>quare</span> <span class='ocrx_word' id='word_1_255' title='bbox 493 3206 546 3262; x_wconf 88' lang='lat' dir='ltr'>sibi</span> <span class='ocrx_word' id='word_1_256' title='bbox 560 3216 656 3262; x_wconf 88' lang='lat' dir='ltr'>nectat</span> <span class='ocrx_word' id='word_1_257' title='bbox 669 3215 785 3280; x_wconf 90' lang='lat' dir='ltr'>uterque</span> <span class='ocrx_word' id='word_1_258' title='bbox 799 3225 939 3264; x_wconf 82' lang='lat' dir='ltr'>coronam</span> 
     </span>
     <span class='ocr_line' id='line_1_39' title="bbox 174 3279 1078 3357; baseline 0.008 -23"><span class='ocrx_word' id='word_1_259' title='bbox 174 3279 328 3352; x_wconf 82' lang='lat' dir='ltr'>Caedimur,</span> <span class='ocrx_word' id='word_1_260' title='bbox 342 3292 371 3338; x_wconf 90' lang='lat' dir='ltr'>et</span> <span class='ocrx_word' id='word_1_261' title='bbox 383 3283 501 3339; x_wconf 79' lang='lat' dir='ltr'>tetidem</span> <span class='ocrx_word' id='word_1_262' title='bbox 513 3282 604 3357; x_wconf 83' lang='lat' dir='ltr'>plagis</span> <span class='ocrx_word' id='word_1_263' title='bbox 617 3283 810 3340; x_wconf 83' lang='lat' dir='ltr'>consumimus</span> <span class='ocrx_word' id='word_1_264' title='bbox 824 3285 944 3352; x_wconf 88' lang='lat' dir='ltr'>hostem,</span> <span class='ocrx_word' id='word_1_265' title='bbox 1031 3331 1034 3338; x_wconf 89' lang='lat'>.</span> <span class='ocrx_word' id='word_1_266' title='bbox 1076 3321 1078 3329; x_wconf 90' lang='lat'>·</span> 
     </span>
     <span class='ocr_line' id='line_1_40' title="bbox 174 3355 808 3438; baseline 0.003 -26"><span class='ocrx_word' id='word_1_267' title='bbox 174 3355 265 3413; x_wconf 80' lang='lat' dir='ltr'>Lento</span> <span class='ocrx_word' id='word_1_268' title='bbox 279 3359 473 3438; x_wconf 40' lang='lat' dir='ltr'>Samnites&amp;</span> <span class='ocrx_word' id='word_1_269' title='bbox 484 3360 592 3430; x_wconf 83' lang='lat' dir='ltr'>lumina</span> <span class='ocrx_word' id='word_1_270' title='bbox 604 3361 695 3434; x_wconf 87' lang='lat' dir='ltr'>prima</span> <span class='ocrx_word' id='word_1_271' title='bbox 708 3359 808 3416; x_wconf 92' lang='lat' dir='ltr'>duello.</span> 
     </span>
    </p>

    <p class='ocr_par' dir='ltr' id='par_1_15' title="bbox 172 3432 1140 3744">
     <span class='ocr_line' id='line_1_41' title="bbox 173 3432 1039 3513; baseline 0.009 -25"><span class='ocrx_word' id='word_1_272' title='bbox 173 3432 299 3501; x_wconf 84' lang='lat' dir='ltr'>Discedo</span> <span class='ocrx_word' id='word_1_273' title='bbox 313 3437 428 3493; x_wconf 73' lang='lat' dir='ltr'>Alcaeus</span> <span class='ocrx_word' id='word_1_274' title='bbox 440 3448 547 3513; x_wconf 91' lang='lat' dir='ltr'>puncto</span> <span class='ocrx_word' id='word_1_275' title='bbox 560 3437 649 3504; x_wconf 88' lang='lat' dir='ltr'>illiua;</span> <span class='ocrx_word' id='word_1_276' title='bbox 670 3437 717 3496; x_wconf 86' lang='lat' dir='ltr'>ille</span> <span class='ocrx_word' id='word_1_277' title='bbox 730 3455 794 3494; x_wconf 87' lang='lat' dir='ltr'>meo</span> <span class='ocrx_word' id='word_1_278' title='bbox 807 3439 889 3511; x_wconf 81' lang='lat' dir='ltr'>quial</span> <span class='ocrx_word' id='word_1_279' title='bbox 1036 3459 1039 3496; x_wconf 81' lang='grc' dir='ltr'><strong><em>ῑ</em></strong></span> 
     </span>
     <span class='ocr_line' id='line_1_42' title="bbox 172 3510 1140 3590; baseline 0.002 -20"><span class='ocrx_word' id='word_1_280' title='bbox 172 3510 258 3582; x_wconf 81' lang='lat' dir='ltr'>Quis,</span> <span class='ocrx_word' id='word_1_281' title='bbox 272 3512 327 3567; x_wconf 89' lang='lat' dir='ltr'>nisi</span> <span class='ocrx_word' id='word_1_282' title='bbox 341 3512 552 3573; x_wconf 68' lang='lat' dir='ltr'>Callimachus!</span> <span class='ocrx_word' id='word_1_283' title='bbox 573 3515 597 3570; x_wconf 90' lang='lat' dir='ltr'>si</span> <span class='ocrx_word' id='word_1_284' title='bbox 609 3515 673 3589; x_wconf 90' lang='lat' dir='ltr'>plus</span> <span class='ocrx_word' id='word_1_285' title='bbox 686 3515 837 3590; x_wconf 89' lang='lat' dir='ltr'>adposcere</span> <span class='ocrx_word' id='word_1_286' title='bbox 851 3516 936 3586; x_wconf 84' lang='lat' dir='ltr'>visus,</span> <span class='ocrx_word' id='word_1_287' title='bbox 1059 3519 1121 3576; x_wconf 84' lang='lat' dir='ltr'>mo·</span> <span class='ocrx_word' id='word_1_288' title='bbox 1138 3568 1140 3572; x_wconf 89' lang='lat'><em>.</em></span> 
     </span>
     <span class='ocr_line' id='line_1_43' title="bbox 174 3587 1024 3668; baseline 0.008 -24"><span class='ocrx_word' id='word_1_289' title='bbox 174 3587 222 3644; x_wconf 92' lang='lat' dir='ltr'>Fit</span> <span class='ocrx_word' id='word_1_290' title='bbox 235 3589 433 3661; x_wconf 87' lang='lat' dir='ltr'>Mimnermus,</span> <span class='ocrx_word' id='word_1_291' title='bbox 447 3603 477 3649; x_wconf 83' lang='lat' dir='ltr'>et</span> <span class='ocrx_word' id='word_1_292' title='bbox 489 3594 583 3666; x_wconf 87' lang='lat' dir='ltr'>optivo</span> <span class='ocrx_word' id='word_1_293' title='bbox 593 3593 763 3668; x_wconf 86' lang='lat' dir='ltr'>cognomine</span> <span class='ocrx_word' id='word_1_294' title='bbox 777 3592 886 3650; x_wconf 89' lang='lat' dir='ltr'>crescit.</span> <span class='ocrx_word' id='word_1_295' title='bbox 1021 3591 1024 3596; x_wconf 54' lang='lat'>‘</span> 
     </span>
     <span class='ocr_line' id='line_1_44' title="bbox 173 3663 885 3744; baseline 0.011 -24"><span class='ocrx_word' id='word_1_296' title='bbox 173 3663 267 3722; x_wconf 78' lang='lat' dir='ltr'>Multa</span> <span class='ocrx_word' id='word_1_297' title='bbox 279 3666 348 3737; x_wconf 86' lang='lat' dir='ltr'>fero,</span> <span class='ocrx_word' id='word_1_298' title='bbox 362 3679 394 3742; x_wconf 86' lang='lat' dir='ltr'>ut</span> <span class='ocrx_word' id='word_1_299' title='bbox 406 3669 516 3741; x_wconf 88' lang='lat' dir='ltr'>placem</span> <span class='ocrx_word' id='word_1_300' title='bbox 529 3689 621 3744; x_wconf 87' lang='lat' dir='ltr'>genus</span> <span class='ocrx_word' id='word_1_301' title='bbox 634 3671 767 3729; x_wconf 90' lang='lat' dir='ltr'>irritabile</span> <span class='ocrx_word' id='word_1_302' title='bbox 782 3681 885 3744; x_wconf 87' lang='lat' dir='ltr'>vatum,</span> 
     </span>
    </p>

    <p class='ocr_par' dir='ltr' id='par_1_16' title="bbox 172 3741 916 3826">
     <span class='ocr_line' id='line_1_45' title="bbox 172 3741 916 3826; baseline 0.013 -29"><span class='ocrx_word' id='word_1_303' title='bbox 172 3741 272 3803; x_wconf 79' lang='lat' dir='ltr'>Quum</span> <span class='ocrx_word' id='word_1_304' title='bbox 286 3745 379 3802; x_wconf 90' lang='lat' dir='ltr'>scribo</span> <span class='ocrx_word' id='word_1_305' title='bbox 391 3747 552 3820; x_wconf 79' lang='lat' dir='ltr'>et‘supplex</span> <span class='ocrx_word' id='word_1_306' title='bbox 562 3749 659 3823; x_wconf 92' lang='lat' dir='ltr'>populi</span> <span class='ocrx_word' id='word_1_307' title='bbox 672 3748 805 3825; x_wconf 80' lang='lat' dir='ltr'>suffragia</span> <span class='ocrx_word' id='word_1_308' title='bbox 818 3760 916 3826; x_wconf 81' lang='lat' dir='ltr'>capto:</span> 
     </span>
    </p>
   </div>
   <div class='ocr_carea' id='block_1_5' title="bbox 0 0 1280 4225">
    <p class='ocr_par' dir='ltr' id='par_1_17' title="bbox 0 0 1280 4225">
     <span class='ocr_line' id='line_1_46' title="bbox 0 0 1280 4225; baseline 0 3"><span class='ocrx_word' id='word_1_309' title='bbox 0 0 1280 4225; x_wconf 95' lang='lat' dir='ltr'> </span> 
     </span>
    </p>
   </div>
  </div>
 </body>
</html>
