2550 4225
397 281 638 332 EPISTOLARUM
657 286 721 333 LlB.
738 288 758 334 1.
775 289 799 333 ’1.

180 417 228 473 Ad
242 437 320 475 mare
334 420 488 478 descendet
501 433 578 487 vates
590 433 666 493 tuus,
678 434 707 479 et
719 425 773 481 sibi
786 436 892 499 parret,

178 493 403 571 contractusque
414 498 488 572 leget
498 518 506 566 ;
527 500 672 569 te,1dulcis
684 501 783 570 amice,
797 502 897 557 reviset

178 568 254 626 Cum
268 571 417 647 Zephyris,
430 576 454 631 si
467 577 618 645 concedes,
632 586 661 631 et
674 576 824 633 hirundine
837 578 934 650 prima.

219 646 296 719 Non,
309 668 365 722 quo
378 668 454 706 more
466 652 542 724 pyris
555 653 630 707 vesci
644 653 764 709 Calaber
774 653 854 726 jubet
866 654 975 727 hospes,

180 722 229 778 Tu
242 744 288 781 me
302 725 391 782 fecisti
405 727 581 801 locupletem.
622 733 640 757 “
655 729 789 799 Vescere,
801 730 945 785 sodes.¹’-
1076 730 1113 786 1⁵

181 804 198 829 “
214 800 279 857 Jam
293 799 360 857 setis
373 804 501 858 est.''-“
512 795 552 859 Al
564 815 594 859 tu
608 805 785 877 quantumvis
798 805 941 861 tolle.''-“
956 801 1114 880 benigna&

181 881 199 905 “
215 876 282 933 Non
296 878 386 934 invisa
400 879 470 935 seres
481 879 575 951 pueris
589 882 755 937 munuscula
768 882 921 954 parvis.''-v

181 958 199 982 ‘¹
214 952 289 1010 Tam
303 964 399 1029 teueor
413 956 496 1025 duno,
511 954 594 1028 qudm
609 957 633 1011 si
648 957 770 1012 dimittar
782 961 963 1013 onustus.''--

182 1033 199 1058 “
212 1029 249 1085 Ut
262 1030 348 1087 libeta
367 1033 427 1087 htec
441 1033 532 1105 porcis
546 1033 629 1089 hodic
642 1033 817 1089 comedenda
830 1032 990 1107 relinquis.’'

181 1106 319 1181 Prodigus
332 1119 360 1163 et
374 1108 474 1164 stultus
488 1109 573 1165 donat
586 1126 648 1181 quae
661 1110 767 1181 spernit
779 1119 808 1165 et
821 1109 890 1165 odit.
1074 1108 1114 1164 tu

181 1182 254 1239 Haec
267 1202 347 1257 seges
361 1185 483 1258 ingratos
495 1184 567 1253 tulit,
582 1195 610 1241 et
624 1185 694 1240 feret
705 1186 836 1242 omnibus
849 1185 938 1242 anuis.

182 1260 233 1317 Vir
248 1260 340 1316 bonus
353 1270 381 1317 et
394 1261 507 1336 sapiens
519 1261 612 1333 dignis
626 1261 665 1317 ait
677 1280 740 1317 esse
753 1272 881 1336 paratus3

180 1335 246 1393 Nec
258 1347 354 1394 tamen
367 1337 477 1413 ignorat
489 1338 556 1411 quid
570 1338 674 1393 distent
687 1356 742 1395 tera
754 1338 866 1413 lupinis.

181 1412 307 1487 Dignum
320 1414 457 1488 prestabo
470 1432 515 1470 me
529 1414 613 1471 ctiam
628 1432 679 1488 pro
691 1414 774 1470 laude
787 1414 927 1471 merentis.

180 1489 269 1550 Qudd
283 1492 307 1546 si
321 1509 368 1547 me
379 1491 460 1547 noles
471 1508 588 1563 usquam
601 1490 756 1561 discedere,
770 1491 872 1547 reddes

180 1565 266 1623 Forte
278 1567 361 1637 latus,
375 1567 471 1641 nigros
484 1567 604 1640 augusta
618 1566 708 1622 fronte
774 1567 850 1635 ill0s;

180 1642 299 1699 Reddes
311 1641 396 1699 dulcd
410 1642 502 1717 loqui;
523 1643 624 1699 reddes
636 1642 728 1698 ridere
760 1640 884 1699 ecorum.

220 1717 305 1776 Forte
319 1739 369 1794 per
382 1729 531 1793 angustam
544 1718 638 1779 tenuis
650 1718 777 1775 nitedula
789 1720 888 1777 rimam

180 1795 320 1870 Repserat
334 1796 363 1851 in
377 1814 521 1853 cumeram
535 1796 687 1862 frumeuti3
706 1806 838 1871 pastaque
851 1814 947 1854 rursus

181 1871 227 1928 Ire
242 1873 317 1928 suras
330 1873 414 1946 plenu
427 1873 561 1930 tendebat
574 1890 690 1945 coquere
703 1872 813 1929 frustrd.
1005 1922 1008 1927 .

181 1948 237 2007 Oui
251 1950 372 2006 mustela
384 1950 491 2024 procul,
506 1954 523 1979 “
536 1950 568 2005 Si
581 1949 650 2019 vis,''
665 1948 714 2019 ait,
728 1954 745 1979 “
757 1950 881 2025 effugere
895 1950 1009 2021 isthinc,

180 2024 281 2081 Macra
294 2044 393 2082 cavum
406 2036 515 2099 repetes
528 2038 647 2096 arctum,
659 2043 742 2099 quem
756 2044 855 2083 macra
866 2026 992 2083 subisti”

179 2100 248 2160 Hae
261 2102 353 2178 egosi
366 2103 516 2177 compellor
528 2102 662 2177 imagine,
675 2114 780 2160 cuncta
791 2103 923 2178 resigno:

177 2177 247 2235 'Nec
260 2197 389 2236 somnum
402 2180 492 2254 plebis
505 2180 598 2250 laudo,
609 2189 686 2234 satur
699 2179 818 2236 altilium
825 2199 834 2249 ;
845 2199 909 2243 uec

151 2315 156 2326 ,
179 2254 249 2312 Otia
261 2256 366 2313 divitiis
380 2257 505 2316 Arabum
519 2255 660 2315 liberrima
672 2270 758 2317 mutu.

180 2330 264 2406 Saepd
278 2335 468 2392 verecundum
481 2336 617 2402 laudasti3
645 2336 764 2408 Resque
778 2335 916 2412 Paterque

180 2407 297 2466 Audisti
307 2409 422 2479 coram;
443 2431 498 2468 nec
511 2405 595 2468 verbo
607 2409 722 2486 parcius
734 2412 852 2468 absens:

180 2483 297 2558 Inspice
308 2488 333 2543 si
345 2505 458 2562 possum
472 2489 576 2544 donata
587 2507 724 2562 reponere
736 2488 825 2544 laetus.

180 2559 268 2618 Haud
281 2563 356 2621 male
370 2564 570 2635 Telemachus,
583 2565 676 2638 proles
687 2565 819 2638 patientis
831 2562 959 2637 Ulyssei:

182 2641 200 2668 ⁴⁴
212 2636 280 2698 Non
294 2653 336 2698 est
349 2651 430 2716 aptus
442 2642 521 2715 equis
534 2641 633 2698 Ithace
646 2639 739 2710 locus3
760 2652 792 2697 ut
804 2659 896 2714 neque
907 2640 999 2715 planis

179 2712 331 2774 Porrectus
344 2718 449 2792 spatiis,
464 2737 555 2792 neque
569 2719 663 2775 multe
676 2719 810 2793 prodigus
822 2717 936 2775 herbae:

179 2792 291 2865 Atride,
304 2793 473 2868 magnaper
484 2796 535 2852 tibi
549 2808 598 2852 tua
611 2796 686 2852 dona
698 2795 880 2868 relinquam.''

178 2869 301 2928 Parvum
314 2890 400 2944 parva
413 2871 532 2926 decent:
554 2873 622 2926 mihi
633 2872 692 2944 jam
705 2891 762 2928 uon
772 2872 849 2945 regia
862 2870 967 2942 Romu,
1027 2902 1029 2905 ·

179 2948 238 3006 Sed
251 2965 372 3021 vacuum
385 2946 478 3002 Tibur
491 2947 591 3020 placet,
606 2959 655 3003 aut
667 2947 778 3004 imbelle
791 2948 957 3005 Tarentum.

217 3027 357 3082 Strenuus
371 3033 400 3079 et
414 3023 500 3093 sortis,
514 3023 662 3096 causisque
676 3024 821 3099 Philippus
833 3024 951 3098 agendis

178 3101 291 3171 Clarus,
304 3101 341 3156 ab
352 3099 452 3156 officiis
464 3099 591 3156 octavam
605 3101 715 3157 circiter
729 3103 825 3158 horam

178 3178 255 3236 Dum
269 3178 351 3248 redit,
365 3188 447 3250 atque
461 3177 521 3234 foro
533 3174 653 3234 nimium
666 3179 768 3234 distare
782 3177 902 3233 Carinas

177 3254 371 3329 lam-grandis
383 3264 452 3309 natu
465 3255 598 3326 queritur,
612 3255 765 3328 conspexit,
780 3263 811 3309 ut
823 3253 911 3322 aiunt,

178 3333 321 3389 Adrasum
335 3331 476 3404 quendam
490 3332 578 3386 vacua
591 3332 712 3386 tonsoris
724 3331 754 3384 in
767 3329 876 3399 umbra,

177 3407 301 3465 Cultello
314 3407 618 3480 propriospurgantem
631 3406 732 3462 leniter
746 3423 862 3478 ungues.

180 3489 197 3514 ¹¹
210 3485 366 3554 Demetri,''
384 3482 467 3558 (puer
481 3483 527 3538 hic
540 3502 598 3538 non
611 3482 680 3538 laeve
693 3483 772 3555 jussa
785 3480 906 3555 Philippi

178 3561 371 3636 Accipiebat,)
389 3563 406 3590 ‘⁶
420 3559 485 3627 abi;
505 3577 599 3633 quaere
613 3571 643 3614 et
655 3560 737 3628 refer,
753 3557 828 3612 unde
841 3558 936 3628 domo,
945 3559 1017 3632 quis,

178 3638 269 3713 Cujus
283 3637 419 3702 fortunam
439 3655 495 3709 quo
508 3638 544 3692 sit
556 3647 644 3708 patre,
657 3651 747 3708 quove
761 3634 903 3707 patrono.”

179 3713 216 3788 lt,
231 3714 313 3786 redit,
327 3724 356 3769 et
369 3723 478 3768 narrat:
499 3711 644 3768 Vulteium
658 3711 771 3767 nomine
783 3708 909 3781 llleuam,
