2550 4225
169 308 224 367 148
483 304 513 360 Q.
531 302 676 353 flottam
692 302 815 355 Fateor

204 444 320 520 incipe:
341 446 388 519 qui
402 440 478 499 recte
493 442 603 501 vivendi
618 454 747 519 prorogat
759 445 865 515 horam,

204 521 341 579 Rusticus
353 531 497 593 exspectat
510 520 577 575 dum
591 520 696 577 defluat
709 522 799 578 amnis
806 541 814 589 ;
835 532 864 580 at
877 520 923 577 ille

204 599 329 668 Labitur,
342 610 372 656 et
384 597 493 653 labetur
506 596 535 653 in
548 614 632 653 omne
646 597 776 654 volubilis
789 616 888 655 aevum.

241 675 386 736 Quaeritur
400 683 556 747 argentum,
570 674 718 748 puerisque
732 674 814 731 beata
826 674 955 730 creandis
1054 683 1072 713 θ

205 751 288 822 Uxor,
302 762 331 808 et
344 751 457 807 incultae
470 759 606 824 pacantur
619 769 731 807 vomere
743 752 828 808 silva.
922 804 925 809 .

203 830 290 889 Quod
304 826 372 885 satis
386 838 428 883 est
441 828 487 883 cui
501 828 627 901 contigit,
643 828 690 884 bic
703 828 773 883 nihil
787 828 906 902 amplius
918 836 1001 901 optet

205 906 270 962 Non
284 907 383 962 domus
396 915 425 960 et
438 904 555 973 fundus,¹
565 923 621 960 non
633 905 697 960 aeris
710 923 827 961 acervus
840 915 870 961 et
881 902 942 961 auri

205 982 322 1057 AEgroto
336 982 442 1038 domini
456 980 572 1036 deduxit
585 999 701 1054 corpore
715 981 816 1052 febres,

206 1059 270 1115 Non
285 1061 378 1116 animo
392 1076 481 1114 curas.
522 1058 621 1115 Valeat
634 1078 775 1131 possessor
788 1069 906 1133 oportet,

204 1137 236 1192 Si
249 1136 429 1210 comportatis
444 1134 527 1190 rebus
541 1134 613 1191 bene
626 1136 732 1207 cogitat
746 1136 793 1193 uti.
812 1200 815 1203 ,

202 1213 263 1273 Qui
278 1214 355 1287 cupit
368 1221 417 1267 aut
429 1210 538 1279 metuit,
550 1212 627 1284 juvat
641 1211 720 1267 illum
734 1212 776 1269 sic
789 1214 890 1268 domus
902 1223 932 1268 et
944 1228 1000 1280 res,

205 1289 242 1345 Ut
254 1291 360 1364 lippum
373 1288 456 1363 pictae
469 1286 580 1357 tabula,
596 1288 719 1345 fomenta
730 1290 893 1363 podagram,

204 1367 355 1434 Auriculas
368 1365 483 1421 citharae
497 1364 616 1421 collectis
629 1366 712 1421 sorde
729 1366 865 1422 dolentes.

205 1443 353 1499 Sincerum
367 1454 410 1498 est
422 1441 477 1497 nisi
491 1459 548 1511 vas,
562 1444 749 1517 quodcunque
762 1443 886 1499 inflandis
899 1443 1012 1499 acescit

205 1522 313 1597 Sperne
327 1521 496 1593 voluptates:
518 1529 602 1574 nocet
614 1530 710 1594 empta
721 1520 816 1577 dolore
830 1520 963 1594 voluptas.
1054 1522 1058 1528 ’

205 1598 320 1671 Semper
334 1614 434 1653 avarus
446 1605 529 1669 eget3
550 1606 659 1653 certum
673 1606 735 1653 voto
748 1607 812 1670 pete
825 1596 918 1653 finem.

205 1674 321 1730 Invidus
334 1672 449 1731 alterius
462 1674 610 1731 macrescit
623 1674 708 1730 rebus
720 1673 840 1748 opimis:

205 1750 315 1807 Invidit
329 1750 419 1809 Siculi
432 1768 489 1807 non
503 1748 637 1806 invenere
651 1749 762 1823 tyranni

206 1826 298 1901 Majus
311 1837 489 1884 tormentum.
528 1825 591 1887 Qui
604 1845 663 1883 non
677 1827 864 1884 moderabitur
877 1828 935 1898 irs,
1054 1886 1060 1890 ,

205 1903 345 1960 Insectum
359 1903 516 1971 voletesse,
530 1902 608 1959 dolor
620 1905 695 1976 quod
708 1904 827 1959 suaserit
839 1914 868 1959 et
880 1922 971 1971 mens,

204 1980 281 2034 Dum
294 1998 391 2053 poenas
403 1981 468 2035 odio
481 1996 531 2051 per
544 1979 599 2034 vim
613 1980 726 2035 festinat
739 1980 836 2037 inulto.

205 2056 251 2112 Ira
265 2055 339 2112 furor
353 2055 444 2113 brevis
457 2064 515 2111 est:
537 2054 669 2111 animum
677 2074 754 2130 rege,
767 2056 825 2130 qui,
838 2056 894 2114 nisi
906 2065 995 2131 paret,

204 2131 343 2205 Imperat:
365 2132 442 2188 hunc
455 2132 558 2201 frenis,
571 2132 648 2188 hunc
661 2143 692 2188 tu
705 2150 854 2207 compesce
867 2133 977 2190 catena.

205 2207 302 2282 Fingit
315 2225 417 2282 equum
431 2207 529 2264 teneri
542 2208 664 2264 docilem
676 2208 788 2265 cervice
801 2209 933 2283 magister
967 2249 978 2260 ,
1038 2205 1042 2210 ’

205 2283 251 2340 Ire
264 2286 338 2342 viam
351 2285 408 2358 qut
421 2294 556 2340 monstret
568 2303 664 2358 eques.
704 2284 871 2356 venaticus,
883 2304 920 2342 ex
931 2302 987 2358 quo

205 2359 347 2437 Tempore
361 2361 503 2417 cervinam
517 2360 617 2433 pellem
631 2361 742 2418 latravit
754 2362 785 2418 in
794 2362 868 2432 auli,

206 2436 310 2494 Militat
323 2438 352 2493 in
366 2437 442 2494 silvis
455 2439 574 2493 catulus.
615 2437 702 2494 Nunc
715 2438 818 2499 adhibe
829 2457 901 2512 puro

205 2514 323 2571 Pectore
336 2514 428 2583 verba,
442 2531 528 2586 puer;
548 2531 626 2570 nunc
640 2524 669 2570 te
681 2514 844 2571 melioribus
855 2514 932 2571 offer.

204 2590 272 2651 Quo
286 2591 371 2646 semel
383 2602 425 2646 est
439 2590 546 2646 imbuta
558 2608 668 2660 recens,
682 2591 802 2647 servabit
812 2591 928 2647 odorem

196 2667 284 2723 Testa
295 2665 353 2722 diu.
393 2665 483 2728 Quod
496 2666 521 2722 si
533 2685 636 2736 cessas,
651 2677 700 2722 aut
712 2677 843 2723 manuus
856 2663 956 2735 ahteis,

205 2741 269 2799 Nec
282 2743 393 2800 tardum
405 2742 543 2816 opperior,
556 2760 611 2798 nec
624 2742 848 2816 precedentibus
861 2742 944 2799 insto.

513 3049 714 3107 EPISTOLA
735 3048 792 3106 111.

497 3183 535 3222 sn
548 3184 657 3223 tuntum
672 3183 801 3222 monna.

205 3284 272 3340 Junr
287 3283 380 3352 Flore,
391 3283 494 3357 quibus
508 3292 644 3340 terrarum
658 3281 758 3338 militet
769 3281 827 3336 oris

205 3359 341 3416 Claudius
347 3359 466 3434 Augusti
479 3359 632 3432 privignus,
646 3359 719 3413 scire
732 3357 835 3414 laboro.

206 3435 358 3492 Thracane
372 3455 429 3505 vos,
444 3436 612 3509 Hebrusque
624 3434 709 3491 nivali
722 3435 859 3508 compede
872 3434 992 3503 vinctus,

208 3515 254 3568 An
269 3514 338 3570 ireta
351 3513 457 3568 vicinas
470 3513 544 3569 inter
557 3512 699 3568 currentia
710 3523 811 3582 turres,

209 3591 255 3646 An
269 3590 388 3663 pingues
402 3591 479 3645 Asia
493 3590 585 3662 campi
599 3589 741 3661 collesque
754 3589 919 3645 morantur?
1124 3590 1146 3646 5

206 3665 287 3725 Quid
301 3666 424 3721 studiosa
437 3667 538 3722 cohors
550 3685 667 3741 operum
679 3665 781 3722 struiti
821 3665 894 3722 Haec
906 3683 1016 3740 quoque
1029 3683 1119 3723 curo:

207 3741 283 3801 Quis
296 3743 348 3797 sibi
362 3761 406 3797 res
419 3752 512 3816 gestas
526 3743 650 3818 Augusti
663 3742 786 3800 scribere
799 3743 905 3800 sumiti
