2550 4225
490 304 522 360 Q.
540 300 684 365 noman
702 304 825 355 rancor

319 441 375 499 Ira
389 440 535 517 Thyesten
550 444 637 500 exitio
649 444 728 517 gravi

222 591 225 599 ,
320 519 468 588 Strarere3
489 532 517 577 et
531 521 594 577 altis
608 522 724 579 urbibus
737 522 843 578 ultimas

397 597 509 654 Stetere
522 616 616 654 causae
629 617 681 655 cur
694 600 819 673 perirent
1014 647 1017 657 .

477 674 626 744 Funditus,
641 676 867 751 imprimeretque
880 679 968 735 muris

319 751 429 809 Hostile
442 763 564 807 aratrum
578 754 719 809 exercitus
732 754 863 810 insoleus.

318 830 475 903 Compesce
489 840 621 888 mentem.
664 830 713 885 Me
726 844 836 904 quoque
849 833 971 907 pectoris

396 906 530 962 'Pentavit
544 907 573 961 in
588 907 665 963 dulci
676 909 793 982 juventa

420 994 422 997 ·
476 982 590 1053 Fertor,
604 996 633 1039 et
647 985 675 1040 iu
690 985 799 1041 celeres
810 986 920 1045 imbus

318 1060 397 1116 Misit
410 1059 566 1116 furentem:
588 1078 666 1115 nunc
679 1080 733 1135 ego
747 1064 861 1118 mitibus

317 1136 430 1193 Mutare
444 1151 539 1209 quaero
552 1136 651 1205 tristia,
665 1137 733 1192 dum
747 1139 817 1193 mihi

380 1210 463 1269 fias
476 1214 627 1268 recantatis
641 1214 733 1269 amica

471 1287 647 1363 opprobriis,
662 1290 844 1366 animumque
856 1294 965 1354 reddas.

564 1600 649 1657 ODE
662 1600 736 1659 XV.

513 1734 554 1771 An
574 1734 786 1773 truttmunt.

293 1832 413 1887 ‘Vacox
428 1826 569 1887 arlloenum
584 1827 658 1904 saepe
673 1829 845 1887 Lucretilem

313 1909 406 1965 Mutat
422 1908 523 1981 Lycaeo
538 1906 664 1978 Faunus,
678 1919 708 1965 et
718 1909 834 1986 igneam¹

392 1986 527 2041 Defendit
541 1996 665 2041 aestatem
680 1988 795 2059 capellis

470 2060 562 2135 Usque
575 2062 654 2133 meis,
669 2063 832 2139 pluviosque
846 2075 950 2124 ventos

311 2138 432 2215 Impune
447 2150 536 2196 tutum
551 2160 600 2216 per
615 2160 715 2196 nemus
730 2144 842 2199 arbutos
867 2147 870 2151 ’

309 2219 452 2280 Quaerunt
465 2219 584 2273 latentes
598 2229 626 2273 et
640 2220 736 2292 thyma
750 2220 838 2276 devias

389 2295 502 2352 Olentis
516 2314 616 2351 uxores
630 2296 740 2364 mariti3

466 2372 494 2426 N
498 2391 531 2428 ec
545 2373 649 2429 virides
661 2387 791 2430 metuunt
805 2375 944 2445 colubrae,

310 2449 375 2506 Nec
390 2448 535 2506 Martiales
550 2451 685 2516 liaedulers
697 2452 778 2525 lupos
790 2473 797 2519 ;

308 2527 459 2600 Utcunque
473 2528 560 2598 dulci,
575 2527 713 2600 Tyndari,
729 2528 822 2584 fistuli

386 2605 481 2659 Valles
494 2615 523 2659 et
537 2603 641 2660 Usticae
654 2605 785 2660 cubantis

466 2679 553 2736 Levia
566 2679 739 2755 personuere
753 2699 828 2737 saxa.

301 2757 340 2814 Di
355 2776 400 2813 me
413 2766 527 2813 tuentur
539 2758 612 2822 Mis
625 2759 715 2832 pietas
729 2777 793 2814 mea

307 2833 344 2891 Et
357 2832 443 2888 Musa
456 2833 534 2890 cordi
547 2845 598 2889 est.
640 2833 700 2890 Hic
712 2835 764 2892 tibi
777 2836 860 2911 copia

385 2908 515 2967 Manebit
528 2909 564 2966 ad
577 2911 694 2986 plenum
709 2912 832 2990 benigno

461 2985 552 3043 Ruris
565 2988 703 3046 honorum
717 2992 850 3066 opulenta
863 3008 959 3049 cornu.

305 3063 364 3121 Hic
378 3065 408 3121 in
422 3065 540 3122 reducta
555 3065 625 3123 valle
638 3067 786 3124 Caniculae
844 3070 847 3074 ’

304 3143 416 3200 Vitabis
430 3139 529 3212 aestusss
551 3155 580 3200 et
593 3145 649 3200 fide
662 3143 739 3200 Teia

382 3219 469 3278 Dices
483 3221 640 3278 laborantes
654 3221 683 3275 in
696 3239 755 3277 uuo

459 3297 619 3371 Penelopen
634 3297 806 3374 vitreamque
820 3295 933 3358 Circen.

304 3373 362 3431 IIic
376 3375 534 3431 innocentis
548 3373 649 3447 pocula
662 3373 758 3430 Lesbii

301 3452 398 3508 Duces
411 3453 464 3506 sub
479 3449 594 3505 umbri:
617 3469 671 3506 nec
685 3452 843 3508 Semeleius

381 3529 455 3584 Cum
471 3527 562 3583 Marte
577 3528 733 3585 confundet
746 3529 903 3606 Thyoneus

457 3603 575 3690 Proelia3
590 3625 645 3662 nec
658 3618 768 3664 metues
779 3620 929 3685 protervos.
