2550 4225
163 308 221 377 {dt
480 306 819 377 ¹ouottsrrrumcor

203 443 253 503 Me
266 455 394 503 oonstme
407 445 477 502 mibi
490 446 556 517 sois,
570 456 599 502 et
612 446 758 503 discedere
772 446 890 516 tristem,

202 522 440 597 Quandoounque
453 523 568 579 trahunt
581 522 672 580 invise
683 522 798 597 negotis
810 520 942 579 Romam.
1257 553 1258 616 q

203 598 270 656 Non
283 601 383 656 endem
398 600 548 667 miramon
568 596 605 656 ed
617 599 793 655 disconvenit
805 599 878 654 inter
1257 639 1258 646 κ

202 673 307 749 Meque
321 686 349 733 et
361 687 406 732 te:
426 693 503 746 nam,
517 694 578 750 quae
593 676 703 731 deserta
716 685 744 731 et
757 675 897 749 inhospita
909 686 1020 748 tesqnst
1028 683 1050 719 b
1105 739 1108 743 ,
1258 701 1259 770 q

202 752 313 823 Credis,
327 772 439 809 smoenn
451 764 532 815 vocet
545 770 658 812 mecum
671 752 719 826 qui
732 752 826 822 sentit,
839 763 870 811 et
879 752 942 815 odit
1013 808 1016 812 ,
1095 750 1142 809 20
1258 781 1259 798 1

204 830 280 891 Quor
293 841 324 887 tu
337 830 455 903 pulchre
466 840 556 904 putes.
597 828 704 890 Fornix
716 829 768 885 tibi
781 839 810 885 et
823 840 910 886 uncte
921 829 1026 903 popius

203 904 351 965 Inoutiunt
363 906 441 969 urbis
453 906 633 976 desiderium,
648 906 744 973 video;
765 916 794 967 et
806 902 881 978 quod

206 983 335 1058 Angulus
349 984 402 1039 iste
417 983 486 1043 seret
499 983 577 1057 piper
591 993 620 1039 et
633 984 699 1038 thus
711 980 793 1040 osiris
805 982 877 1049 uvi3

202 1062 233 1118 N
234 1079 268 1117 eo
281 1061 374 1117 vicina
387 1060 492 1129 subest,
506 1060 602 1117 vinum
616 1059 741 1133 prebere
754 1060 871 1122 taberne

201 1138 278 1198 Qun
291 1136 377 1211 possit
390 1137 439 1193 tibi
451 1156 458 1203 ;
479 1154 534 1193 neo
548 1136 680 1192 meretrix
692 1136 819 1205 tibicine,
832 1135 915 1210 cujus
1098 1137 1143 1193 25

203 1216 252 1271 Ad
265 1214 409 1287 strepitum
423 1212 505 1275 soline
518 1222 598 1271 terrae
609 1213 709 1286 gravis.
750 1212 788 1267 m
800 1224 896 1273 temen
909 1231 993 1288 orgen

203 1289 376 1364 Jsmpridem
390 1307 448 1352 non
461 1298 537 1349 teoto
549 1288 692 1363 ligonibus
704 1308 779 1360 srva,
792 1289 948 1363 bovemque

203 1367 384 1441 Disjuuotum
398 1383 491 1436 curus,
505 1376 535 1421 et
547 1364 652 1424 strictis
665 1366 811 1429 frondibus
821 1367 931 1441 exples:

204 1444 294 1499 Addit
306 1461 376 1515 opus
389 1442 469 1516 pigro
482 1442 567 1512 rivus,
582 1442 606 1497 si
620 1440 727 1516 decidit
739 1444 839 1514 imber,

203 1519 296 1576 Multi
309 1519 382 1576 rnole
395 1520 541 1576 docendus
553 1517 649 1593 aprico
661 1537 776 1593 peroere
789 1531 876 1595 preto.
1101 1522 1144 1580 3⁰

242 1596 273 1653 N
273 1614 339 1666 uno,
350 1613 413 1671 ege,
426 1596 495 1669 quid
507 1604 633 1658 nostrum
647 1607 818 1658 oonoenmm
831 1598 946 1669 diridet,
960 1598 1036 1663 rods

197 1673 300 1751 Quem
313 1683 414 1729 tenues
426 1670 550 1739 decudre
563 1684 637 1747 toga
650 1674 789 1747 nitidiqpe
802 1674 907 1746 capilli,

203 1750 300 1811 Quem
314 1748 389 1806 ndsti
403 1748 529 1809 bibrdum
542 1749 637 1808 medii
651 1748 688 1805 de
700 1749 765 1808 luco
779 1748 902 1819 suem,

203 1826 294 1883 Coenn
307 1826 397 1883 brevis
408 1826 495 1899 juvat,
509 1836 538 1883 et
550 1845 635 1899 prope
649 1826 740 1886 rivom
752 1844 869 1887 somnus
882 1826 912 1883 in
926 1826 1030 1893 berbt:

202 1902 233 1958 N
234 1922 269 1960 ec
282 1904 381 1959 lusisse
394 1902 491 1977 pudet,
506 1903 556 1957 sed
570 1920 627 1959 non
642 1901 768 1963 incidere
780 1901 889 1965 ludum.

202 1979 269 2036 Non
283 1980 368 2036 isthio
380 1978 493 2051 obliquo
505 1978 589 2036 oculo
601 1996 667 2039 meo
678 1980 828 2040 commoda
839 1979 987 2053 qnisrpnm

203 2055 312 2122 Limat3
333 2074 391 2112 non
403 2055 469 2116 odio
481 2054 602 2116 obscuro
614 2072 765 2129 morsuque
778 2066 906 2118 venenet.

203 2132 313 2188 Rident
325 2132 409 2201 vicini
422 2131 519 2206 glebas
531 2141 560 2190 et
573 2141 822 2194 menevensem.

203 2208 278 2265 Cum
291 2209 378 2266 servis
391 2209 499 2278 urbana
512 2209 602 2265 diaria
614 2209 713 2266 rodere
726 2210 833 2277 movis3

203 2285 314 2342 Horum
327 2295 358 2342 tu
371 2285 401 2342 in
415 2303 563 2342 nnmerum
577 2297 642 2345 voto
654 2286 720 2344 ruis.
761 2285 874 2345 Invidet
887 2305 970 2344 usum
1102 2289 1143 2346 to

203 2362 358 2436 Lignorum
371 2372 400 2418 et
413 2363 522 2436 pecoris
535 2363 586 2419 tibi
600 2364 662 2421 celo
675 2375 790 2439 argutus
802 2374 832 2421 et
844 2365 924 2421 horti.

201 2437 291 2513 Optat
303 2440 434 2514 ephippia
446 2440 496 2497 bos
509 2439 603 2514 piger;
624 2451 702 2514 optet
716 2459 794 2500 urere
807 2441 940 2498 csbnllus.

201 2513 299 2574 Quom
312 2517 366 2573 soit
378 2527 504 2590 uterque,
518 2517 618 2587 libens,
632 2518 765 2588 censebo,
779 2527 910 2574 exercent
923 2525 1020 2574 artem
1055 2540 1060 2544 ’

497 2820 700 2877 EPISTOLA
721 2822 787 2878 XV.

479 2953 519 2992 sn
533 2953 699 2994 unnorvrou
711 2954 819 2993 vunnu.

197 3054 288 3114 Quen
303 3051 339 3108 sit
353 3052 443 3108 hiems
457 3051 555 3123 Velie,
569 3053 645 3125 quod
658 3053 772 3124 ooelum,
787 3052 868 3124 Vale,
883 3054 1003 3124 Salerni,

197 3131 330 3191 Quorum
344 3129 491 3185 hominum
504 3129 591 3202 regio,
605 3140 635 3185 et
648 3130 793 3202 qualisvis
805 3150 811 3186 ε
834 3129 913 3204 (nom
927 3131 997 3187 mihi
1010 3130 1097 3200 Boiu

199 3205 284 3262 Musa
295 3223 481 3280 supervacuus
495 3206 648 3276 Antonius,
663 3217 800 3264 ettamen
814 3207 869 3264 illis

199 3282 248 3338 Me
262 3284 329 3339 lacit
342 3283 473 3353 invisum,
487 3282 581 3356 gelide
594 3301 682 3356 quum
695 3283 807 3357 perluor
821 3284 899 3341 undri

199 3358 253 3414 Per
266 3359 391 3415 medium
405 3360 509 3433 frigus:
530 3357 600 3414 sane
614 3371 734 3434 myrteta
748 3360 877 3433 relinqui,
1120 3363 1140 3418 5

199 3433 338 3508 Dictaque
352 3447 510 3493 cessantem
524 3437 617 3492 nervis
631 3439 735 3493 elidere
749 3437 877 3493 morbum

200 3512 340 3584 Sulphuro
353 3514 506 3582 contemni,
519 3512 598 3569 vicus
611 3514 710 3588 gemit,
725 3513 835 3570 invidus
848 3515 929 3588 egris

198 3587 259 3647 Qui
273 3599 358 3661 ceput
370 3599 399 3644 et
412 3590 586 3646 stomachum
601 3609 758 3664 supponere
772 3590 894 3648 fontibus
907 3593 1015 3650 sudent

198 3663 334 3732 Clusinis,
348 3665 507 3740 Gabiosque
521 3678 620 3740 petunt
633 3679 661 3723 et
675 3668 775 3742 frigida
788 3687 869 3724 rura:

199 3737 354 3795 Mutandus
367 3739 447 3798 locus
459 3751 511 3812 est,
525 3753 554 3799 et
567 3744 718 3801 diversoria
731 3754 797 3801 notu
