2550 4225
446 294 644 345 CARMINUM
660 296 724 343 LlB.
741 298 790 347 111.

287 430 385 507 Impie
399 451 516 507 sponsos
529 433 647 509 potuere
660 436 732 492 duro

480 510 603 567 Perdere
617 512 707 568 ferro!

286 586 351 643 Una
363 587 399 642 de
413 588 519 657 multis,
534 588 596 643 fase
609 588 745 662 nuptiali

286 663 391 739 Digna,
404 664 546 741 perjurum
560 665 613 721 fuit
626 665 656 720 in
670 678 815 739 parentem

287 738 442 815 splendide
456 742 588 813 mendax,
601 753 631 797 et
644 741 675 798 in
687 760 772 799 omne
786 745 863 818 virgo

482 817 594 875 Nobilis
608 836 715 875 evum:

287 900 305 927 “
315 896 435 971 Surge‚”
450 914 512 969 quae
526 896 596 951 dixit
606 896 706 969 juveni
718 899 828 969 marito,

288 974 414 1047 “Surge,
428 991 465 1028 ne
478 973 580 1047 longus
593 974 644 1029 tibi
658 992 783 1045 somnus,
798 976 874 1031 unde

287 1049 353 1107 Non
367 1051 459 1119 times,
473 1050 570 1105 detur:
591 1069 722 1107 socerum
735 1063 764 1108 et
777 1053 911 1109 scelestas

480 1125 559 1183 Falle
572 1145 697 1195 sorores3
799 1181 812 1211 ,

285 1204 372 1274 Quae,
385 1204 460 1260 velut
473 1215 563 1261 naetae
577 1205 679 1261 vitulos
691 1206 800 1276 leoenae,

288 1281 429 1355 Singulos,
442 1282 532 1337 eheu!
553 1282 685 1339 laoeraut.
728 1282 799 1357 Ego,
813 1283 867 1339 illis

287 1357 410 1428 Mollior,
424 1377 478 1415 nee
492 1369 520 1415 te
534 1359 642 1429 seriam,
655 1379 746 1433 neque
761 1361 834 1416 intra
926 1375 937 1385 ·

481 1436 611 1493 Claustra
624 1437 735 1493 tenebo.

288 1512 337 1569 Me
349 1524 428 1587 pater
441 1514 522 1569 seris
533 1524 633 1570 oneret
647 1515 764 1583 eatenis,

285 1587 375 1651 Qudd
389 1591 447 1647 viro
461 1590 586 1645 clemens
601 1590 704 1646 misero
716 1592 845 1663 peperei;

287 1666 336 1723 Me
349 1667 393 1724 vel
407 1677 546 1737 ememus
559 1665 749 1723 Numidarum
763 1667 793 1723 in
807 1686 889 1741 agros

482 1742 580 1799 Classe
595 1743 709 1819 releget.

287 1822 301 1879 Ι
314 1823 401 1898 pedes
414 1818 470 1895 qud
484 1832 512 1877 te
525 1821 637 1895 rapiunt
650 1832 680 1878 et
693 1840 777 1890 aure,

286 1899 362 1957 Dum
376 1899 449 1956 favet
462 1918 518 1955 nox
530 1908 559 1955 et
572 1898 688 1955 Venus:
710 1900 718 1954 i
732 1900 859 1957 seeundo

285 1976 401 2047 Omine,
415 1986 443 2033 et
457 1976 543 2033 nostri
556 1994 709 2033 memorem
723 1977 851 2050 sepulcro
945 2036 949 2043 ,

480 2052 580 2129 Scalpe
594 2054 765 2129 querelam.”

537 2361 619 2417 ODE
640 2362 694 2418 IX.

421 2496 461 2533 An
482 2493 603 2532 FONTEM
624 2494 807 2534 BANDUSIUM.

283 2595 311 2654 0
325 2611 401 2652 rous
415 2591 578 2663 Bandusiae,
591 2593 764 2668 splendidior
778 2593 858 2664 vitro,
963 2605 966 2610 “

282 2671 368 2730 Dulei
381 2671 466 2746 digne
479 2689 557 2728 mero
571 2688 627 2728 non
642 2671 704 2728 sine
718 2669 842 2743 floribus,

476 2747 548 2804 Cras
560 2749 710 2806 donaberis
723 2749 816 2821 hedo,

438 2825 493 2882 eui
508 2825 583 2883 frons
597 2828 709 2902 turgida
722 2828 856 2885 cornibus

282 2903 393 2972 Primis,
406 2914 435 2958 et
449 2902 590 2958 Venerem
603 2914 632 2958 et
645 2904 743 2977 proelia
755 2906 893 2962 destinat:

282 2977 412 3046 Frustrd3
434 2995 500 3034 narn
514 2977 621 3051 gelidus
635 2979 741 3034 inficiet
753 2981 804 3036 tibi

476 3053 576 3110 Rubro
590 3055 728 3127 sangnine
741 3056 814 3112 rivos

412 3197 417 3204 ¹
437 3131 549 3188 Lasoiri
563 3131 673 3206 soboles
685 3133 787 3206 gregis.
798 3153 802 3166 ¹

282 3209 327 3268 Te
341 3209 484 3286 flagrantis
498 3219 575 3265 atrox
595 3207 663 3265 bora
675 3208 822 3264 Caniculae

281 3287 381 3345 Nesoit
393 3297 524 3362 tangere:
545 3297 575 3342 tu
590 3285 676 3360 frigus
690 3286 809 3342 amabile

474 3363 570 3420 Fessis
584 3381 695 3420 vomere
707 3364 796 3421 tauris

436 3441 548 3504 Praebes
561 3451 589 3498 et
600 3440 697 3516 pecori
710 3458 787 3515 rago.

280 3519 348 3578 Fies
360 3519 496 3577 nobilium
509 3529 540 3576 tu
553 3536 663 3592 quoque
677 3517 804 3587 sontium,

282 3596 332 3656 Me
346 3597 458 3654 dioente
472 3596 548 3652 oavis
562 3595 719 3671 impositam
730 3596 825 3653 ilicem

475 3673 566 3744 Saxis,
581 3673 657 3729 unde
669 3672 801 3746 loquaoes

437 3751 572 3840 lympbae
585 3750 794 3818 desiliuntruae.
