2550 4225
396 282 637 333 EPISTOL‘ARUM
655 286 720 333 Ltn.
738 289 759 335 l.
778 290 814 336 11.
1038 292 1095 350 Bw

153 420 269 477 Serrlttt'
279 419 425 493 eternum,
439 424 505 496 quia
517 440 601 497 perro
615 426 724 481 nesciet
737 427 786 482 nti.

152 498 209 554 Cui
223 516 280 555 non
294 499 443 555 conveniet
454 508 505 555 sua
518 516 572 571 rea,
586 510 618 555 ut
630 501 745 557 calceas
756 503 833 574 olim,

152 575 184 629 Si
194 572 269 648 pedit
280 574 369 649 nitier
381 576 443 645 e'rit,
457 578 614 645 subvertet3
636 577 659 632 si
673 579 774 650 minor,
787 590 857 637 uret.
957 588 961 593 '

152 650 249 707 Laetus
263 662 337 711 sorte
350 652 399 708 tui
411 652 486 709 rives
498 654 649 727 sapienter,
663 655 752 710 Aristi
763 675 770 723 ;

152 727 218 783 Nee
232 746 278 784 me
292 727 416 785 dimittes
429 729 636 804 inuestigatum,
652 731 701 786 ubi
714 732 794 804 plura
1053 738 1092 794 45

152 804 262 878 Cogere
275 802 360 878 quim
374 802 442 861 satis
453 816 506 876 est,
521 825 555 862 an
565 825 621 863 nun
635 826 756 879 pessare,
769 808 891 866 videbor.

151 880 278 955 Imperat
289 893 338 937 aut
351 882 435 937 servit
448 883 566 939 eolleata
577 883 701 957 pecunia
713 885 825 957 auique,
840 933 841 936 ,

151 955 273 1014 'Portum
288 956 374 1031 digna
387 958 465 1030 sequi
478 956 581 1033 potiris,
595 956 680 1033 quim
694 961 809 1030 dueere,
820 961 924 1019 funem.

190 1032 264 1088 Haeo
278 1034 329 1089 tibi
343 1033 484 1090 dictabam
497 1046 560 1113 post
573 1036 669 1092 fanum
682 1047 764 1110 putre
777 1036 916 1109 vacuae,

151 1109 278 1184 Excepto
291 1106 367 1183 qubd
380 1129 437 1167 non
451 1111 534 1168 simul
548 1131 633 1183 esses,
648 1123 752 1169 caetera
763 1114 854 1169 laetus.
1051 1118 1091 1172 50

461 1452 664 1521 EPlSTOLA
682 1458 736 1515 XI.

479 1609 519 1647 Ab
535 1610 715 1649 truttmunt.

146 1729 232 1791 Qum
246 1728 296 1785 tibi
310 1728 369 1784 visa
383 1727 480 1797 Chion,
495 1725 608 1797 Bullati,
622 1737 744 1800 notaque
757 1728 883 1787 lesbual

146 1805 228 1867 Quid
243 1805 384 1862 eoncinna
399 1806 517 1861 Samosl
537 1804 604 1878 quid
618 1805 709 1861 Croesi
723 1806 802 1880 regin
814 1807 931 1865 Sardis?

148 1878 269 1957 Smyrna
281 1882 358 1956 quid,
371 1893 400 1938 et
413 1877 579 1955 Ooluphortl
599 1882 704 1955 majora
716 1884 859 1941 minorave
872 1885 968 1943 samii

147 1960 318 2032 Cunetaque
331 1977 388 2032 prae
402 1958 510 2033 Campe
523 1967 552 2013 e't
565 1956 703 2015 Tiberino
716 1958 832 2017 flumine
846 1964 980 2019 sordenti
1042 1990 1050 1995 ·

147 2037 196 2093 An
210 2035 288 2091 venit
301 2035 330 2091 in
344 2046 438 2092 votum
453 2034 582 2091 Attalicis
596 2054 631 2091 ex
645 2037 761 2093 urbibus
773 2040 851 2094 unat
1063 2043 1083 2097 5

147 2114 196 2170 An
210 2112 357 2176 Ir'e‘lteduir'i
370 2112 477 2182 laudae,
490 2113 556 2170 odio
568 2115 654 2170 meris
667 2124 750 2188 atque
762 2117 929 2173 viarum?-

147 2191 211 2256 Scis
224 2188 356 2245 Lebedus
369 2189 436 2263 quid
449 2192 498 2260 sit3
519 2189 617 2246 Gabiis
630 2191 765 2249 desertior
778 2202 861 2267 atque

146 2257 265 2323 Fidenis
278 2265 371 2321 vicus:
392 2276 487 2322 tamen
502 2266 559 2321 illie
573 2267 665 2322 rivere
679 2267 794 2337 vellem3

145 2343 313 2417 Oblituaque
326 2351 462 2414 menium,
477 2342 683 2398 obliviscendus
696 2353 725 2398 et
737 2344 802 2414 illis,

144 2419 312 2494 Neptunum
326 2419 422 2494 proeul
436 2437 453 2474 e
464 2419 537 2475 terrfl
551 2429 677 2493 spectare
691 2420 879 2476 fruentem—
956 2491 959 2496 Ι
1047 2427 1082 2481 tu

146 2497 204 2553 Sed
217 2499 309 2572 neq'ne
323 2497 369 2570 qui
382 2495 483 2570 Caput
496 2495 619 2552 Romam
633 2495 712 2570 petit,
727 2496 816 2552 imbre
829 2498 942 2571 lutoque·

145 2574 296 2647 Asperius,
310 2572 384 2629 volet
395 2573 566 2646 in'eauponti
581 2573 688 2628 vivere:
709 2584 773 2644 nea,
787 2574 834 2648 qui

144 2645 247 2724 Frigus
261 2649 382 2724 collegit,
393 2650 488 2707 firmos
501 2660 531 2706 et
543 2650 644 2706 balnea
656 2650 761 2720 laudat,

143 2726 181 2783 Ut
195 2727 364 2784 sortuilatam
377 2725 461 2800 plene
475 2727 635 2801 prestantia
648 2727 751 2783 vitam:
867 2778 872 2787 .

143 2803 217 2875 Nee,
232 2803 255 2859 si
268 2815 297 2860 te
310 2803 419 2859 validus
429 2804 575 2876 jactaverit
588 2805 693 2860 Auster
706 2804 736 2860 in
750 2804 815 2874 alto,
863 2850 865 2855 ,

142 2877 255 2936 Idoireo
267 2897 367 2936 navem
380 2889 457 2934 trans
471 2879 602 2952 AEgaeum
615 2897 693 2935 mare
703 2881 815 2936 vendas.

142 2953 283 3013 Incolumi
294 2955 414 3013 Rhodos
427 2965 455 3009 et
469 2953 606 3026 Mitylene
619 2956 737 3028 pulchra
749 2957 826 3026 facit,
839 2959 913 3031 quod

141 3023 257 3089 Paenula
269 3033 396 3102 solstitio,
410 3031 566 3104 campeilfe
579 3029 814 3102 niviilibu'sauria

141 3109 195 3166 Per
209 3110 338 3166 brumam
351 3108 475 3179 Tiberin,
490 3107 589 3163 Sextili
600 3125 698 3162 mense
710 3108 845 3164 caminus.

140 3185 217 3243 Dum
231 3187 308 3256 linet,
322 3197 351 3242 et
364 3185 472 3242 vultum
484 3187 575 3240 servat
588 3183 714 3241 Fortuna
726 3184 889 3258 benignum,
1037 3187 1078 3243 20

141 3263 244 3320 Remae
256 3263 387 3319 laudetur
401 3261 509 3332 Samos,
523 3272 552 3318 et
562 3261 660 3331 Chius,
673 3272 703 3317 et
715 3259 834 3317 Rhodos
847 3263 957 3319 abnens.

140 3339 199 3411 Tu,
214 3357 411 3413 quameunque
425 3341 495 3396 deus
508 3339 559 3396 tibi
574 3337 872 3410 fortunaverit-horam,

140 3417 229 3474 Gratti
242 3435 323 3474 eume
337 3434 439 3484 manu;
460 3433 516 3472 neu
530 3416 626 3471 dulcia
639 3413 719 3470 differ
730 3415 759 3469 in
773 3433 888 3486 annum,

139 3493 187 3564 Ut,
201 3510 369 3566 quoeunque
383 3493 445 3549 loeo
458 3492 552 3562 fueris,
567 3493 668 3548 vixisse
680 3491 799 3546 libenter

139 3569 186 3625 Te
200 3569 294 3626 dieas:
316 3587 382 3624 nam
396 3570 419 3624 si
433 3569 503 3625 ratio
516 3578 545 3624 et
557 3567 707 3642 prudentia
719 3584 811 3638 auras,

140 3644 206 3702 Non
220 3645 300 3702 loeus
313 3645 395 3776 elpipsi
407 3643 463 3701 late
477 3645 563 3702 maria
575 3645 687 3714 arbiter,
698 3642 803 3711 aulem
