2550 4225
157 638 162 649 '
215 594 445 742 Quium-
483 614 761 729 nourrii
801 659 1041 755 rancor

470 894 788 962 CARMINUM

494 1130 601 1179 LIBER
617 1132 759 1184 PRIMUS.

548 1560 654 1639 loun
674 1560 698 1615 r.

403 1700 404 1707 ¹
495 1690 535 1729 Δῦ
555 1690 762 1731 MAEGBNATRM.

294 1787 459 1856 Mecum,
472 1788 561 1844 atavis
574 1788 649 1845 edite
664 1790 788 1863 regibus,

216 1928 225 1947 Ι
291 1864 320 1921 O
332 1876 361 1921 et
373 1865 534 1939 presidium
547 1876 576 1921 et
589 1867 673 1921 dulce
686 1868 774 1923 decus
788 1870 897 1925 meum!

292 1944 447 2015 Sunt'quos
461 1941 600 1997 curriculo
611 1942 751 2016 pulverem
766 1942 947 2021 Olympicum

291 2018 446 2093 collegisse
453 2018 548 2093 3juvat3
570 2030 699 2093 metaque
714 2020 827 2077 fervidis

290 2096 400 2154 Eritata
413 2096 489 2165 rotis,
502 2096 649 2171 palmaque
663 2097 774 2167 nobilis,

291 2174 443 2230 Terrarum
457 2175 585 2230 dominos
598 2175 692 2231 evehit
705 2175 740 2232 ad
755 2177 836 2232 deos:

289 2251 387 2320 Hunc,
401 2251 424 2306 si
438 2251 581 2307 mobilium
596 2253 679 2308 turba
690 2253 847 2312 Quiritium

289 2329 386 2385 Certat
399 2327 563 2400 tergeminis
576 2328 673 2384 tollere
688 2330 840 2385 honoribus
848 2349 856 2398 ;

288 2405 385 2472 Ilium,
399 2405 422 2460 si
436 2406 546 2477 proprio
558 2406 687 2460 condidit
700 2407 800 2460 horreo

288 2481 436 2554 Quidquid
451 2481 486 2536 de
501 2480 616 2554 Libycis
631 2481 747 2536 verritur
762 2480 841 2538 areis.

288 2560 466 2616 Gaudentem
482 2559 585 2634 patrios
597 2555 704 2615 findere
718 2560 827 2616 sarculo
902 2554 910 2569 ⁸

288 2637 380 2711 Agros
394 2635 525 2692 Attalicis
537 2637 746 2694 conditionibus

288 2713 440 2786 Nunquam
455 2713 596 2770 dimoveas
611 2727 641 2770 ut
655 2716 733 2770 trabe
747 2715 853 2788 Cypria

289 2789 430 2866 Myrtoiim
443 2791 561 2865 pavidus
574 2803 661 2848 nauta
673 2803 750 2848 secet
763 2811 848 2848 mare.

288 2869 455 2924 Luctantem
471 2868 569 2924 Icariis
583 2867 714 2925 fluctibus
730 2869 860 2926 Africum

288 2945 429 3002 Mercator
445 2957 583 3012 metuens,
596 2948 684 3000 otium
696 2958 724 3002 et
737 2947 833 3019 oppidi

287 3023 397 3080 Laudat
411 3035 474 3075 rura
489 3020 546 3074 sui:
568 3037 632 3074 mox
646 3021 736 3076 reficit
749 3034 823 3075 rates

284 3099 422 3168 Quassas,
437 3097 567 3154 indocilis
580 3098 741 3170 pauperiem
755 3097 820 3170 pati.

285 3175 337 3232 Est
349 3176 396 3250 qui
410 3193 464 3231 nec
478 3175 581 3230 veteris
593 3174 695 3248 pocula
708 3172 834 3244 Massici,

285 3253 349 3310 Nec
362 3264 468 3326 partem
482 3251 572 3308 solido
586 3253 699 3308 demere
714 3253 749 3307 de
763 3252 808 3307 die

286 3331 409 3406 Spernit,
423 3349 501 3385 nunc
515 3329 595 3388 viridi
610 3329 736 3386 membra
749 3329 802 3384 sub
814 3330 914 3388 arbuto

284 3411 403 3478 Stratus,
417 3425 495 3464 nunc
508 3407 542 3462 ad
557 3426 635 3482 aqum
649 3408 712 3464 lene
725 3418 810 3481 caput
823 3426 920 3466 sacrae.

284 3485 390 3542 Multos
404 3495 495 3540 castra
505 3484 612 3558 juvant,
626 3495 655 3540 et
667 3485 735 3541 lituo
749 3486 823 3540 tubae

283 3563 442 3621 Permixtus
455 3561 572 3631 sonitus,
587 3561 714 3636 bellaque
728 3563 863 3620 matribus

284 3641 436 3698 Detestata.
479 3637 578 3695 Manet
591 3639 645 3694 sub
658 3638 727 3695 Jove
743 3639 844 3713 frigido

284 3718 419 3787 Venator,
432 3728 537 3774 tenerae
550 3716 679 3790 conjugis
692 3717 851 3784 mnemon

365 3797 379 3851 l

879 2474 907 2517 ..1
