2550 4225
429 274 434 281 '
479 266 677 325 mutuum
692 267 759 320 clu.
776 267 799 317 l.

548 482 633 541 ons
646 484 729 543 vm.

436 596 439 601 ’
498 616 538 655 nn
551 616 778 658 unnnraacnnrr.
880 506 943 719 'R

307 716 405 773 Vanus
418 724 459 771 ut
462 704 520 772 alti
533 724 589 771 stet
601 714 666 771 nite
680 714 833 775 candidum

309 794 435 863 Soracte,
449 810 504 848 nec
512 791 570 866 jcnr
584 792 743 849 sustineant
755 810 828 854 onus

348 869 431 926 Silvae
444 869 613 937 laborantes,
616 869 750 957 ‘geluque

386 944 520 1001 Flumina
532 945 709 1002 constiterint
723 956 816 1003 acuto

306 1017 436 1083 Dissolve
450 1021 547 1095 frigus,
559 1021 637 1096 ligna
649 1041 733 1098 super
747 1023 813 1079 foco

306 1096 399 1174 Largi
414 1116 568 1172 reponens3
587 1111 672 1173 atque
686 1098 839 1174 benignius

344 1176 484 1251 Deprorne
496 1174 674 1249 quadrimum
688 1176 806 1247 Sabini,

309 1282 314 1290 ·
382 1252 411 1308 0
424 1251 606 1322 Thaliarche,
620 1270 728 1309 merum
741 1253 828 1310 dict&

304 1330 439 1389 Permitte
452 1329 524 1385 divis
536 1340 655 1385 cetera:
674 1349 723 1404 qur
715 1329 820 1387 simul

305 1398 436 1465 Stravdre
450 1416 548 1463 ventos
561 1425 672 1481 equore
686 1406 802 1465 fervido

342 1483 558 1559 Deproeliantes,
572 1502 626 1540 nec
640 1484 775 1558 cupressi,

382 1560 447 1617 Nec
461 1571 569 1617 veteres
582 1560 723 1633 agitantur
736 1560 808 1617 orni.

305 1638 387 1700 Quid
401 1638 438 1693 sit
451 1632 575 1692 suturuni
589 1654 662 1705 cras,
676 1635 742 1710 suge
755 1654 896 1710 quartem
915 1647 946 1695 et
1033 1702 1035 1705 ,

219 1754 221 1762 ·
303 1716 401 1779 Quem
415 1732 475 1771 sors
488 1714 597 1769 dierum
611 1731 724 1786 cunque
737 1713 825 1784 dabit,
838 1713 918 1771 lucro

343 1794 481 1867 Appone:
502 1808 557 1847 nec
570 1790 669 1847 dulces
681 1790 835 1848 Camenas

383 1870 492 1942 Sperne
506 1885 586 1942 puer,
599 1886 691 1942 neque
703 1879 735 1924 tu
748 1870 883 1936 chocem

302 1946 403 2005 Donec
413 1944 512 2002 virenti
526 1944 645 2001 canities
657 1944 737 2001 abest

172 2018 176 2021 ’
191 2090 194 2093 ,
305 2022 426 2080 Morosa.
467 2020 556 2078 Nunc
569 2032 598 2079 et
610 2040 737 2097 campus,
751 2033 780 2079 et
793 2040 879 2095 uere,

344 2100 491 2174 leuesque
505 2099 558 2156 sub
571 2111 683 2157 noctem
697 2101 813 2171 susurri,

384 2176 547 2251 compositi
559 2189 721 2252 repetantur
735 2177 810 2235 hori„

489 2498 495 2516 ²
559 2479 643 2538 ODE
657 2481 711 2539 1x.

511 2615 551 2654 ΔΙ)
565 2617 753 2657 MERCURIUM.

304 2719 457 2784 Mancuar,
473 2716 594 2772 facunde
607 2734 695 2790 nepos
708 2715 843 2789 Atlantis,

302 2797 364 2857 Qui
379 2795 452 2852 seros
465 2790 558 2851 cultus
571 2793 717 2850 hominum
730 2793 878 2852 recentiam

302 2875 381 2932 Voce
396 2871 623 2948 sormistiac'atus,
627 2880 667 2958 ¹let
680 2872 790 2929 decorae

459 2947 540 3003 More
553 2943 706 3019 puleiatum

303 3028 349 3084 Te
362 3040 585 3096 canam,magn1
574 3020 680 3078 Jovis
691 3033 721 3078 et
733 3023 851 3079 deorum

303 3104 455 3173 Nuntium,
469 3117 617 3172 curvaeque
630 3098 697 3172 lyrae
710 3110 871 3172 parentem

304 3181 457 3249 Callidum,
469 3176 606 3252 quidquid
620 3176 736 3251 placuit,
746 3175 848 3251 jocoso

458 3255 590 3312 Condere
605 3253 687 3310 sunto.
797 3265 802 3274 '

305 3333 361 3404 Te,
375 3333 460 3389 boves
472 3332 539 3388 olim
552 3331 607 3388 nisi
621 3330 791 3388 reddidisses

307 3411 361 3467 Per
374 3409 469 3468 dolum
483 3420 599 3478 amotas,
613 3423 731 3482 puerum
745 3409 850 3466 minaci

305 3487 384 3544 Voce
397 3487 465 3545 dum
479 3497 573 3554 terret,
587 3484 688 3543 viduus
700 3485 853 3566 pharetri

461 3563 538 3618 Risit
551 3561 663 3635 Apollo.

305 3641 386 3702 Quin
407 3651 437 3697 et
450 3639 574 3709 Atridas,
588 3639 662 3694 duce
675 3649 713 3706 te,
717 3638 871 3713 superbos,

307 3719 361 3784 uto
374 3718 452 3776 dives
465 3717 593 3774 Priamus
606 3715 714 3787 relicto,
