2550 4225
310 626 357 717 Q.
398 620 680 697 uoniam
724 618 967 694 soloci

426 884 855 950 EPISTOLA'RUM

477 1115 580 1161 LIBER
607 1114 801 1163 securibus,

520 1524 721 1582 EPISTOLA
735 1525 757 1581 1.

452 1678 454 1683 ·
524 1662 566 1699 AD
580 1661 761 1701 sponsum

188 1764 286 1825 Qunn
298 1773 339 1819 tot
352 1763 491 1819 sustineas
504 1772 533 1817 et
547 1771 624 1817 tanta
638 1760 751 1834 negotia
765 1760 848 1829 solus,

190 1842 252 1899 Res
266 1840 350 1896 Italas
364 1840 448 1895 armis
461 1838 568 1907 tuteris
581 1838 704 1893 moribus
718 1856 811 1907 ornes,

190 1918 315 1991 Legibus
328 1917 471 1985 emendes,
487 1915 515 1970 in
529 1910 643 1988 publiea
656 1915 804 1969 commoda
817 1933 945 1987 peccem,
993 1931 995 1936 '

119 2000 123 2009 '
192 1995 223 2049 Si
236 1996 320 2067 longo
333 2012 460 2048 sermone
474 2008 565 2047 morer
579 2002 628 2046 tua
642 2001 776 2064 tempora,
790 1992 895 2047 Caesar.
994 2010 998 2018 ·
1024 2047 1027 2051 ,

229 2070 380 2140 Romulus,
394 2080 422 2125 et
435 2069 520 2124 Liber
533 2078 621 2141 pater,
636 2077 744 2123 etcum
758 2067 875 2125 Castore
889 2069 997 2142 Pollux,

191 2150 257 2205 Post
271 2148 396 2221 ingentia
410 2147 492 2215 faeta,
507 2145 623 2200 deorum
638 2145 667 2200 in
682 2146 786 2219 templa
799 2148 915 2221 reoepti,

191 2225 266 2282 Dum
280 2236 367 2282 terras
381 2223 583 2295 hominumque
597 2222 694 2279 oolunt
707 2241 807 2296 genus,
821 2243 919 2298 aspera
933 2225 1006 2281 bella

190 2303 381 2376 Componunt,
395 2319 476 2374 agros
490 2302 644 2374 assignant,
657 2300 760 2374 oppida
773 2303 908 2372 condunt,
1006 2329 1010 2334 ·

191 2378 339 2436 Ploravdre
354 2379 412 2434 suis
426 2395 482 2434 non
497 2378 667 2452 respondere
681 2378 801 2434 favorem

193 2458 340 2531 Speratum
354 2456 470 2511 meritis.
512 2454 610 2510 Dirum
625 2456 672 2528 qui
687 2456 816 2512 contudit
830 2457 956 2530 hydram,
1095 2459 1136 2516 1⁰

191 2533 325 2608 Notaque
339 2533 415 2590 fatali
429 2543 557 2606 portenta
569 2533 665 2589 labore
678 2533 799 2606 subegit,

190 2610 336 2684 Comperit
349 2610 483 2666 invidiam
497 2627 628 2683 supremo
641 2610 697 2664 fine
711 2610 826 2666 domari.

191 2687 254 2743 Urit
267 2688 343 2742 enirn
358 2687 464 2762 fulgore
478 2704 539 2755 suo,
553 2686 600 2758 qui
614 2697 768 2758 praegravat
782 2697 856 2741 artes
883 2697 888 2711 '

192 2765 270 2820 Infra
283 2783 312 2819 se
326 2765 444 2838 positas:
466 2763 622 2817 exstinctus
636 2762 774 2817 amabitur
788 2763 871 2819 idern.

191 2841 325 2897 Praesenti
339 2839 389 2895 tibi
404 2850 526 2894 maturos
540 2839 674 2912 largimur
689 2839 818 2909 honores,

191 2918 209 2973 J
212 2918 388 2990 urandasque
401 2927 479 2972 tuum
494 2935 542 2990 per
557 2934 660 2972 nomen
674 2917 805 2990 ponimus
819 2929 890 2988 aras,

191 2993 241 3050 Nil
255 2995 390 3050 oriturum
406 2991 484 3062 alifis,
499 2994 538 3048 nil
553 3005 644 3050 ortum
659 2995 715 3049 tale
730 2995 855 3050 fatentes.

192 3073 250 3128 Sed
263 3082 328 3126 tuus
342 3071 388 3126 hio
401 3071 530 3144 populus,
544 3072 657 3146 sapiens
670 3083 699 3127 et
709 3072 802 3145 justus
815 3073 845 3128 in
858 3091 925 3144 uno,

192 3148 238 3204 Te
252 3149 353 3205 nostris
368 3149 497 3218 ducibus,
511 3159 538 3203 te
552 3148 646 3203 Graiis
659 3149 849 3220 anteferendo,

192 3225 303 3282 Caetern
316 3223 493 3304 nequiquam
507 3225 590 3280 simili
605 3225 712 3280 ratione
726 3226 865 3298 modoque

193 3301 341 3370 AEstimat;
363 3313 401 3372 et,
414 3302 469 3357 nisi
482 3321 543 3374 quae
557 3301 637 3357 terris
652 3313 758 3356 semota
771 3303 885 3374 suisque

192 3377 382 3450 Temporibus
395 3379 530 3435 defuncta
543 3379 627 3448 videt,
643 3378 747 3434 fastidit
760 3388 789 3433 et
802 3379 877 3436 odit:

194 3455 242 3510 Sic
256 3455 346 3511 fautor
360 3466 494 3525 veterum,
508 3465 539 3510 ut
552 3454 661 3510 tabulas
674 3473 793 3529 peecare
807 3467 942 3528 vetantes,

191 3531 276 3590 Quas
289 3531 332 3586 bis
346 3532 468 3604 quinque
483 3533 533 3587 viri
548 3543 709 3602 sanxerunt,
725 3533 830 3588 foedera
843 3553 941 3608 regum

193 3607 248 3662 Vel
261 3607 359 3662 Gabiis
373 3607 416 3662 vel
430 3627 495 3664 oum
510 3610 606 3684 rigidis
621 3621 729 3682 aequata
742 3610 865 3682 Sabinis,

194 3681 362 3739 Pontificum
377 3683 470 3754 libros,
485 3705 592 3742 annosa
606 3683 747 3743 iolumina
760 3699 865 3760 vatum,

194 3757 313 3814 Dictitet
327 3758 440 3814 Albano
454 3761 552 3818 Musas
566 3765 596 3818 in
610 3772 705 3820 monte
719 3764 834 3822 locutas.
