2550 4225
444 264 655 313 eremorum
673 229 737 312 rib.
754 265 775 311 1.

333 404 458 462 Venator
472 406 502 461 in
515 405 623 479 campis
636 404 736 461 nivalis

374 482 542 552 Haemoniae,
553 482 632 538 daret
646 492 677 538 ut
689 481 798 538 catenis

295 558 393 616 Fatale
407 570 562 619 monstrum
574 578 580 613 :
600 575 664 632 que
676 556 841 632 generosius

298 636 394 693 Perire
407 655 545 710 quaerens,
559 654 613 692 nec
627 635 801 691 muliebriter

315 734 318 741 ·
334 712 453 787 Expavit
466 731 573 784 ensem,
587 730 642 769 nec
655 712 774 770 lateutoe

270 862 271 865 Ἰ
372 790 471 847 Classe
484 790 542 846 citri
555 790 693 864 reparavit
705 808 787 847 oras:

296 868 376 924 Ausa
389 877 418 923 et
428 868 569 942 jacentem
582 868 673 923 visere
685 868 791 942 regiam

294 944 382 1001 Vultu
396 963 503 1013 sereno,
518 944 595 1009 sortis
607 954 636 1000 et
649 962 762 1018 asperae

333 1020 471 1077 Tractare
484 1030 637 1093 serpentes,
652 1032 683 1075 ut
696 1031 787 1076 atrum

371 1097 496 1170 Corpore
509 1096 682 1152 combiberet
695 1114 835 1152 venenum
843 1118 862 1164 3,

294 1172 455 1231 Deliberatur
469 1184 557 1229 morte
572 1172 705 1229 ferocior:

294 1250 382 1306 Sacris
395 1248 529 1304 Liburnis
542 1249 651 1338 scilicpt
664 1250 792 1305 invidens

332 1326 443 1383 Privata
456 1326 560 1382 deduci
573 1327 695 1399 superbo

371 1401 439 1459 Nou
453 1402 566 1459 humilis
580 1403 680 1459 mulier
692 1403 841 1477 triumpho.

488 1708 571 1764 ono
591 1707 722 1764 xxxn.

403 1808 411 1825 l
513 1841 553 1879 ΔΙ)
566 1840 697 1880 Punicum.

312 1938 458 1995 Persicos
470 1938 533 2009 odi,·
541 1956 621 2013 puer,
635 1948 782 2011 apparatos
789 1958 798 2006 ;

312 2013 470 2089 Displicent
483 2032 563 2070 nexae
576 2014 687 2087 philyrl·
700 2031 830 2071 corone:

311 2088 394 2148 Mitte
407 2091 518 2161 sectari,
532 2108 595 2148 roso
607 2108 664 2164 quo
676 2090 802 2147 locomm

467 2169 538 2225 Sera
551 2180 682 2225 moretur.

311 2243 438 2320 Simplici
451 2255 541 2318 myrto
553 2244 623 2301 nibil
632 2243 774 2310 pllaboroe

311 2323 433 2378 Sedulus
445 2340 538 2378 cure:
559 2339 651 2395 neque
664 2331 692 2377 te
706 2321 866 2379 ministrum

311 2397 438 2458 Dedecet
450 2408 566 2472 myrtus,
580 2416 672 2472 neque
685 2417 731 2456 me
743 2400 797 2456 sub
809 2392 887 2456 arctb

465 2475 532 2534 Vite
546 2475 698 2535 bibentem.
876 2491 881 2498 ·
916 2521 923 2535 .
