2550 4225
488 296 521 352 Q.
539 294 683 344 nonam
700 294 823 345 anneot
936 295 940 299 ’

501 509 702 569 EPISTOLA
722 511 807 570 XIX.

526 647 566 685 An
579 648 784 686 MEGENATEMt

205 740 316 801 Parsco
329 744 353 802 si
366 745 469 814 credie,
483 742 629 802 Maecenas
642 747 733 815 docte,
748 745 874 812 Gratiam

205 821 293 877 Nulla
304 821 416 896 placere
430 822 479 878 diu
493 842 548 878 nec
560 822 654 879 rivere
667 821 793 878 carmina
805 823 930 896 possm,

203 897 280 957 Quae
294 899 454 955 scribuntur
467 917 546 972 aquo
558 898 717 973 potoribus:
738 910 770 954 ut
782 896 856 955 malh
870 916 953 955 saum
993 914 995 917 ’

205 974 364 1049 Adscripsit
378 974 465 1032 Liber
477 975 585 1050 Satyris
598 974 761 1048 Faunisque
772 979 882 1049 witae,

204 1051 281 1107 Vina
294 1048 352 1108 ferd
367 1053 465 1108 dulces
476 1049 706 1109 oluerunt-mand
720 1052 873 1108 Oamoenoa.

204 1126 349 1185 Laudibus
362 1128 487 1203 arguitur
499 1129 557 1185 vini
571 1129 684 1185 uocaus
698 1129 857 1185 Homerus:
976 1182 978 1187 .

203 1203 313 1261 Ennius
326 1205 386 1279 ipse
398 1216 477 1280 pater
490 1222 645 1278 anaqam,
659 1205 714 1261 nisi
727 1214 819 1293 potus,
833 1204 868 1260 ad
883 1222 960 1260 arma

203 1279 335 1338 Prosiluit
347 1282 476 1338 dicenda.
518 1282 651 1339 “Forum
664 1281 814 1355 Putealque
827 1281 945 1338 Libonis

203 1354 347 1415 Mandabo
358 1358 453 1429 siccis,
467 1359 589 1416 adimam
602 1368 718 1416 canmrc
732 1358 862 1414 serens.”

241 1434 306 1491 Hoc
319 1435 402 1491 simul
416 1436 513 1506 edixit,
527 1454 585 1492 noa
679 1432 746 1491 vdre
759 1438 851 1508 pohtae

201 1509 349 1569 Nocturno
362 1515 470 1569 certare
484 1530 570 1582 mero,
584 1522 666 1586 potor
697 1510 806 1568 diurno.

200 1586 291 1659 Quid,
305 1588 329 1644 si
343 1589 405 1662 quia
417 1589 496 1646 vultu
509 1600 587 1646 torvo
600 1590 678 1645 ferus
690 1598 720 1644 et
731 1586 804 1662 pede
817 1590 894 1645 nudo

201 1662 374 1739 Exiguaeque
381 1677 454 1742 toga
466 1666 581 1723 simulet
592 1676 700 1723 textore
715 1666 863 1737 Catonem,

200 1740 380 1799 virtutemne
393 1754 574 1818 repraesentet
585 1756 733 1817 morasque
746 1742 885 1800 Catonisl

200 1818 291 1893 Rupit
303 1818 437 1876 Iarbitam
450 1820 619 1895 Timagenis
633 1820 735 1876 emula
747 1819 854 1895 lingua,

200 1895 276 1952 Dum
289 1898 383 1953 studet
396 1898 530 1967 urbanus,
542 1898 689 1971 tenditque
700 1897 823 1953 disertus
836 1898 940 1955 haberi.

199 1972 314 2047 Decipit
326 1974 468 2048 exemplar
481 1974 555 2031 vitiis
568 1972 719 2030 imitabile:
740 1970 816 2047 quod
830 1975 855 2029 si

173 2111 178 2119 ,
199 2048 338 2106 Pallerem
351 2068 429 2122 casu,
443 2050 572 2107 biberent
583 2066 727 2126 exsangue
741 2050 895 2107 cuminum.

198 2127 227 2184 Ο
239 2127 401 2199 imitatores,
411 2143 521 2184 serrum
535 2143 632 2203 pocus,
647 2128 759 2184 aemilii
773 2126 849 2202 sepe

197 2205 298 2274 auem,
312 2201 387 2278 saepe
398 2205 504 2280 jocmn,
518 2206 602 2262 vestri
615 2204 729 2263 mordro
742 2206 894 2264 tumularet

235 2282 339 2339 Libera
351 2300 401 2356 per
415 2301 534 2339 vacuam
547 2284 629 2358 pomi
642 2283 760 2359 vestigia
771 2283 918 2358 princeps3

197 2360 264 2417 Non
278 2360 370 2416 aliena
383 2378 447 2418 moo
459 2362 547 2435 pressi
561 2362 642 2436 pede.
682 2360 744 2422 Qui
757 2361 810 2417 sibi
823 2361 894 2432 lidit,
935 2403 938 2410 ,
1026 2373 1032 2381 ·

196 2437 263 2494 Dux
275 2437 348 2512 regit
360 2456 487 2496 examen.
528 2439 626 2496 Parios
636 2455 692 2514 ogo
704 2437 811 2514 primus
822 2438 932 2495 iaaahoa
1008 2478 1009 2482 η

195 2513 317 2572 Ostendi
330 2514 421 2586 Latio,
434 2532 568 2573 numeros
580 2517 744 2590 animosque
758 2515 892 2589 sequutus

196 2592 371 2663 Archilochi,
385 2612 442 2649 non
457 2611 504 2649 res
518 2604 547 2649 et
560 2594 674 2668 matio
686 2593 770 2649 verba
783 2591 955 2665 Lycamben.

196 2670 252 2739 Ac,
265 2688 301 2724 ne
315 2688 362 2725 me
375 2668 450 2726 soliis
463 2669 529 2726 idoo
542 2669 717 2727 brevioribus
726 2685 822 2726 ornes*
840 2691 847 2701 ·

194 2743 285 2806 Quod
298 2747 378 2802 timui
392 2756 502 2802 mutare
515 2747 614 2802 modos
626 2756 655 2802 et
668 2744 803 2801 carminis¹
816 2754 914 2814 artem,

195 2821 349 2896 Temperat
361 2822 525 2878 Archilochi
540 2817 653 2878 Musam
661 2822 738 2896 pede
752 2820 877 2878 mascula
891 2822 1017 2896 Sappho,

195 2897 349 2973 Temperat
362 2898 495 2954 Aloeus:
515 2899 566 2954 sed
579 2899 664 2955 rebus
676 2908 706 2956 et
717 2898 817 2954 ordine
831 2898 942 2974 diepam

195 2974 259 3032 Nec
272 2993 400 3032 socerum
412 2975 521 3049 quaerit,
534 2993 618 3048 quem
631 2976 759 3032 versibus
769 2975 878 3033 oblinat
890 2977 975 3045 atria}
1091 2981 1133 3036 30

195 3051 260 3108 Nec
272 3070 381 3126 sponsae
394 3052 524 3126 laqueum
539 3052 644 3110 famoso
657 3054 783 3110 carmine
796 3053 893 3110 nectit.

174 3150 177 3156 ·
195 3128 284 3185 Hanc
295 3147 359 3204 ego,
373 3149 431 3186 non
445 3130 501 3187 alio
514 3130 622 3186 dictum
636 3128 715 3204 prius
727 3147 785 3200 oro,
800 3130 909 3187 Latinis

195 3206 316 3280 Vulgari
329 3207 449 3263 fidicen:
467 3207 546 3280 juvat
558 3206 751 3263 immemorata
765 3207 900 3276 serentem
956 3249 959 3252 -

196 3277 333 3356 lngennis
345 3283 490 3358 oculisque
504 3283 570 3358 legi,
579 3284 765 3358 manibusque
778 3285 877 3343 teneri.

235 3359 315 3416 Scire
329 3361 399 3416 velis
410 3377 475 3418 mea
486 3379 538 3417 cur
551 3362 678 3436 ingratus
689 3363 826 3436 opuscula
839 3363 925 3420 lector
1092 3363 1132 3420 35

196 3435 307 3494 Laudet
320 3447 449 3512 ametque
461 3437 548 3508 domi,
561 3448 670 3513 premat
682 3451 762 3498 entra
774 3439 860 3498 limen
874 3437 1005 3514 irriquasl

196 3509 265 3570 Non
277 3530 331 3588 ego
344 3525 467 3572 venuste
477 3515 569 3590 plebia
581 3516 715 3592 suffragia
727 3533 814 3574 venor

197 3587 337 3663 Impensis
349 3609 492 3647 omnarum
506 3592 618 3649 attritae
632 3612 749 3650 munere
762 3593 859 3660 vestim

197 3663 265 3722 Non
278 3684 341 3740 ego,
354 3668 490 3724 nobilium
504 3670 671 3743 scriptorum
684 3669 793 3726 auditor
806 3679 836 3725 et
848 3669 930 3741 ultor,

197 3740 402 3801 Grammaticus
415 3743 522 3802 ambire
535 3745 625 3803 tribus
638 3757 667 3803 et
679 3745 786 3824 pulpita
799 3746 913 3821 dignor:
1094 3747 1135 3804 40
