2550 4225
452 294 648 345 CARMINUM
664 298 729 345 ue.
747 297 797 345 lli.

286 423 474 517 euagrium,
487 436 600 493 tendisl
633 397 747 493 'Desine
758 436 889 511 pervicax

331 512 451 570 Referre
465 529 609 569 sermones
623 514 792 583 deorumst

371 588 479 665 Magna
492 590 583 646 modis
596 600 715 645 tenuare
727 590 826 665 parvis.

549 900 632 957 ODE
653 901 704 958 lv.

520 1036 560 1074 AD
574 1036 746 1073 cabarerum.

294 1137 459 1193 Dascarrne
474 1134 555 1204 ooelo,
570 1133 616 1188 dio¹
630 1151 683 1206 age
693 1131 764 1188 tibia

275 1234 278 1241 ·
292 1211 407 1289 Regina
420 1213 546 1287 longum,
560 1209 697 1283 Calliope,
712 1209 809 1280 melos,

332 1292 390 1353 Seu
404 1308 471 1347 vooe
486 1306 563 1345 nune
578 1287 666 1342 mavis
680 1287 774 1356 south,

371 1367 428 1423 Seu
442 1366 544 1422 fidibus
557 1364 720 1438 citharaque
733 1363 841 1420 Phoebi.

244 1458 247 1471 ·
292 1444 423 1503 Auditisl
443 1463 479 1500 an
493 1462 538 1499 me
552 1443 623 1498 ludit
637 1441 764 1496 amabilis

296 1522 430 1579 Insanial
451 1521 560 1576 Audire
574 1530 603 1574 et
615 1518 711 1572 videor
722 1517 785 1591 pios

330 1599 433 1656 Errare
447 1616 496 1671 per
510 1597 600 1663 lnooS,
615 1612 732 1648 amoenae

370 1675 453 1737 Quos
467 1683 495 1730 et
510 1690 588 1745 aquae
603 1670 725 1725 subeunt
738 1680 768 1725 et
781 1687 866 1725 auras.

288 1755 345 1811 'Me
360 1752 502 1821 fabulosae,
517 1749 636 1805 Vulture
651 1749 680 1803 in
692 1745 814 1822 rippale,

296 1830 410 1888 Altrieis
424 1840 502 1885 extra
515 1828 601 1883 limen
617 1826 738 1899 Apuliae,

334 1908 417 1963 Ludo
431 1907 630 1980 fatigatumque
645 1920 743 1959 somno

380 1983 493 2039 Fronde
507 1982 578 2038 noval
592 1999 709 2055 puerum
722 1980 868 2055 palumbes

295 2059 427 2120 Tenere:
448 2061 548 2118 mirum
563 2060 637 2134 quod
653 2059 724 2115 foret
736 2058 877 2127 omnibus,

293 2140 466 2213 Quicunque
482 2139 563 2196 eelsae
578 2138 675 2194 nidum
691 2136 882 2206 Acherontiae,

335 2217 483 2290 Saltusque
497 2216 644 2285 BantinoS,
659 2225 688 2270 et
701 2233 797 2269 arvum

372 2293 481 2368 Pingue
495 2302 594 2348 tenent
607 2291 722 2346 humilis
735 2289 868 2356 Forenti;

296 2371 334 2429 Ut
346 2381 407 2429 tuto
421 2370 457 2424 ab
470 2369 537 2424 atris
550 2385 667 2440 eorpore
680 2367 781 2440 viperis

295 2447 457 2510 Dormirem
470 2455 499 2500 et
512 2444 601 2510 ursis3
623 2453 655 2498 ut
667 2460 808 2516 premerer
821 2442 903 2497 sacri

334 2525 483 2596 Lauroque
497 2519 656 2594 oollatbque
669 2530 769 2593 myrto,

375 2600 442 2657 Non
457 2600 518 2656 sine
532 2597 577 2654 dis
590 2598 733 2654 animosus
746 2597 847 2653 inians.

297 2681 407 2749 Vester,
421 2678 576 2749 (lamoenae,
591 2687 682 2732 vester
695 2676 725 2731 in
739 2677 843 2732 arduos

215 2821 218 2826 ‚
298 2756 396 2813 Tollor
409 2756 546 2824 Sabinos;
566 2773 617 2810 seu
637 2753 707 2811 mihi
720 2752 854 2829 frigidum

338 2833 490 2904 Praeneste,
504 2851 555 2889 seu
568 2832 661 2889 Tibur
675 2831 817 2906 supinum,

377 2911 434 2966 Seu
447 2909 562 2983 liquidae
575 2907 708 2982 placuere
721 2909 821 2965 Baiae:

299 2987 415 3045 Vestris
421 2987 545 3042 amioum
558 2984 681 3041 fontibus
694 2994 723 3039 et
735 2986 829 3040 ohoris

300 3065 367 3122 Non
380 3083 425 3120 me
437 3062 573 3137 Philippis
586 3079 667 3116 versa
680 3060 756 3116 aoies
769 3069 854 3130 retro,

339 3141 448 3198 Deiota
460 3158 517 3197 non
532 3139 667 3195 exstinxit
680 3137 771 3207 arbos,

380 3217 445 3275 Neo
459 3216 557 3274 Sieulh
571 3217 722 3274 Palinurus
735 3213 821 3271 undh.

300 3296 450 3370 Utcunque
463 3313 576 3351 meeum
590 3313 638 3352 vos
651 3294 738 3364 eritis,
752 3292 844 3348 libens

301 3373 495 3430 Insanientem
508 3374 604 3429 navita
616 3371 772 3444 Bosporum

340 3450 482 3522 Tenebo,
497 3461 526 3507 et
539 3460 650 3507 arentes
663 3465 764 3502 arenas

380 3527 495 3584 littoris
508 3527 617 3601 Assyrii
630 3525 736 3581 viator:

301 3606 401 3664 Visam
414 3605 565 3660 Britannos
579 3603 735 3678 hospitibus
746 3601 830 3672 feros,
884 3605 890 3610 '

302 3681 448 3740 Ethelum
462 3681 564 3756 equino
578 3681 716 3754 sanguine
730 3679 915 3745 Concanum3

341 3760 439 3869 Visaqn
452 3760 625 3834 pharetratos
638 3757 771 3827 Gelonos,
