2550 4225
170 306 226 366 tt!
488 308 520 364 Q·
536 308 683 367 nouem
699 308 823 357 rmocr

207 444 239 502 si
250 403 346 519 posset
359 454 474 502 rentum
488 464 582 503 sceuae
595 446 721 521 praebere
734 458 858 521 rogetus,

206 520 295 582 “Qui
305 540 419 595 possum
430 524 507 579 totl’'
522 523 578 579 ait:
598 528 616 553 ‘⁶
625 533 722 580 temen
731 534 760 579 et
770 540 902 597 queram,
909 532 943 579 et
954 532 1022 596 quot
1031 522 1143 581 bebebo

207 597 346 654 Mittam.''
387 596 457 656 Pdst
469 597 554 674 peuld
568 599 666 655 scribit
679 600 732 655 sibi
746 598 833 655 millia
846 599 971 673 quinque
1038 630 1044 637 ·
1258 603 1259 606 ’

207 672 278 731 Esse
292 676 368 731 dorni
382 675 581 751 chlamydum
602 686 721 751 partem,
735 675 778 731 rel
792 676 902 732 tolleret
913 693 1021 733 omnes.
1079 711 1084 719 ι

205 749 295 807 Exilis
308 752 408 809 domus
421 763 473 823 est,
487 753 536 809 ubi
550 770 607 809 non
620 764 650 809 ct
663 750 751 808 multe
764 761 925 825 supersunt,
954 749 957 753 ⁴
1101 753 1142 810 45

204 826 243 885 Et
256 828 525 899 dominumlollunt,
536 840 568 885 et
580 839 698 903 prosunt
711 828 827 886 furibus.
868 826 955 903 Ergo,

206 904 237 960 Si
252 924 297 961 res
311 904 369 961 sola
381 916 474 979 potest
488 904 581 962 secere
593 916 623 963 et
635 922 747 963 servm
761 907 885 976 lentum,

205 981 269 1037 Hoc
282 982 388 1055 primus
401 992 511 1056 repetas
523 1000 603 1058 opus,
616 984 672 1039 boc
684 993 843 1057 postremus
854 983 974 1040 omittes.

205 1058 236 1115 si
251 1058 421 1115 fortunatum
435 1058 544 1133 species
557 1070 586 1115 et
598 1058 690 1133 gretie
701 1070 825 1132 prestet,

203 1132 363 1191 Mercemur
377 1152 487 1191 servum
501 1136 548 1209 qui
562 1136 650 1191 dictet
663 1135 788 1204 nomine,
801 1136 903 1192 levum

202 1212 263 1273 Qui
278 1211 380 1267 sedicet
392 1211 475 1282 lutus,
488 1224 517 1269 et
529 1223 612 1286 coget
624 1222 702 1269 trens
714 1212 839 1285 pondere
850 1212 978 1269 dextrum

203 1288 363 1362 Porrigere:
384 1293 401 1319 ‘⁴
416 1288 475 1345 Hic
488 1286 607 1345 multum
621 1289 652 1345 in
666 1286 755 1344 Fatis
768 1289 850 1357 velet,
863 1289 911 1345 ille
925 1288 1044 1345 velint:

201 1364 327 1421 Cuilibet
340 1364 387 1420 hic
401 1365 491 1425 foeces
503 1366 596 1432 dabit3
615 1365 772 1439 eripietque
784 1365 894 1435 creole,
970 1423 975 1433 ,

203 1441 258 1498 Cui
271 1442 352 1511 volet,
366 1441 550 1516 importunus,
563 1443 650 1508 ebur:
671 1440 805 1512 ‘Fmer,'
825 1447 832 1472 ‘
849 1441 951 1513 Peter,'
964 1443 1053 1510 edde3

203 1517 241 1574 Ut
254 1519 355 1593 cuique
368 1529 410 1574 est
424 1530 502 1591 etus,
515 1520 555 1576 ite
567 1538 706 1593 quemque
717 1518 825 1575 facetus
838 1518 966 1593 tdopte„”

203 1596 245 1666 Si,
258 1596 331 1653 bene
344 1596 391 1669 qui
405 1609 509 1667 coennt,
523 1598 595 1653 bene
609 1596 689 1664 vivit3
708 1596 796 1667 lucet,
809 1612 907 1653 etnim

201 1671 271 1733 Qud
286 1672 364 1729 ducit
377 1674 459 1747 gula:
480 1674 632 1749 piscemur,
646 1692 796 1741 recemum
817 1683 849 1731 ut
860 1673 928 1730 olirn

179 1794 183 1799 .
201 1749 352 1825 Gargilius,
365 1750 413 1824 qui
427 1749 511 1808 mand
526 1751 631 1825 plagas,
645 1750 793 1819 venabula,
805 1768 909 1821 servos,

202 1825 350 1884 Differtum
364 1829 482 1884 transire
495 1829 585 1885 forum
599 1828 786 1903 populumque
796 1826 922 1900 jubebut,
957 1894 960 1897 Α

202 1902 282 1959 Unus
296 1915 326 1962 ut
339 1923 355 1959 e
368 1905 473 1975 multis,
486 1904 590 1978 populo
603 1915 758 1977 spectante,
771 1903 887 1959 referret

202 1979 334 2055 Emptum
349 1982 441 2036 mulos
454 1998 560 2053 aprum.
601 1974 691 2035 Crudi
704 1980 859 2053 tumidique
872 1980 1008 2051 levemur,

200 2052 281 2117 Quid
295 2057 404 2128 deceat,
417 2058 484 2130 quid
499 2075 566 2128 non,
578 2057 669 2127 obliti,
682 2056 785 2113 Caerite
798 2057 865 2113 cerd

202 2132 300 2207 Digni,
315 2134 464 2208 remigium
477 2134 607 2191 vitiosum
621 2133 781 2192 ltbtcensis
794 2134 914 2208 Ulyssei,

199 2209 257 2266 Cui
270 2211 359 2285 potior
371 2211 462 2285 patriis
475 2211 528 2268 fuit
541 2211 690 2268 interdicto
702 2204 835 2285 voluptte-

201 2284 242 2358 Si,
258 2285 445 2344 Mimnermus
459 2285 500 2346 uti
514 2299 622 2360 censet,
636 2289 698 2346 siue
711 2307 806 2346 umore
817 2288 944 2363 jocisque

200 2363 249 2420 Nil
263 2375 305 2420 est
315 2365 489 2439 jucundum
510 2365 585 2422 vives
598 2366 627 2422 iu
642 2385 735 2424 amore
744 2366 881 2440 jocisque.

238 2441 319 2512 Vive,
333 2443 407 2499 vele:
429 2443 532 2518 siquid
545 2443 647 2500 novisti
659 2444 764 2502 rectius
777 2443 847 2514 istis,

199 2517 345 2575 Candidus
356 2519 469 2596 imperti
480 2540 488 2589 ;
508 2521 532 2576 si
546 2539 613 2590 non,
626 2520 671 2577 bis
684 2531 764 2576 utere
777 2538 898 2576 mecum.

498 2824 701 2882 EPISTOLA
719 2824 788 2883 vn.

514 2960 554 2998 Ab
567 2959 774 3000 MAEGENATEM.

195 3061 340 3122 Quruoun
354 3060 415 3115 dies
428 3059 479 3116 tibi
492 3059 632 3133 pollicitus
645 3077 692 3115 me
705 3078 769 3120 rure
783 3059 917 3129 futurum,

196 3139 331 3194 Sextilem
344 3147 433 3194 totum
446 3137 569 3192 mendax
581 3135 732 3193 desider-or.
773 3136 870 3210 Atqui,

197 3214 229 3270 Si
241 3232 287 3270 me
301 3214 391 3269 virere
405 3213 456 3284 vie,
470 3209 604 3285 recteque
617 3213 711 3268 videre
725 3211 874 3283 volentem,

194 3289 292 3350 Quem
305 3289 375 3345 mibi
387 3288 439 3345 dns
452 3307 535 3364 egro,
549 3289 628 3345 dabis
642 3299 777 3362 egrotare
789 3282 910 3359 timenti,
938 3285 943 3290 ’

196 3365 349 3436 Maecenas,
362 3366 577 3434 veniempdum
592 3365 909 3438 licusprimaoulorque
1110 3365 1132 3420 5

196 3441 412 3516 Designutorenr
427 3443 541 3498 decorat
554 3440 699 3498 lictoribus
712 3441 794 3508 etris3

196 3517 272 3576 Dum
286 3519 380 3593 pueris
392 3520 483 3575 omnis
496 3529 574 3592 pater
586 3528 615 3574 et
629 3516 783 3574 matercula
795 3516 897 3592 pellet;

141 3617 145 3627 ¹
195 3595 385 3668 Officiosaque
399 3594 532 3651 sedulitas
545 3605 573 3650 et
585 3593 678 3667 opella
690 3594 808 3650 lorensis

197 3672 324 3727 Adducit
337 3670 428 3726 febres
440 3683 469 3726 ct
481 3682 649 3728 testamento
661 3670 798 3744 resignet.-

196 3744 286 3808 Qudd
300 3747 323 3804 si
337 3747 436 3802 brume
449 3746 527 3802 nives
540 3747 661 3804 Albanis
673 3747 763 3804 illinet
776 3748 860 3822 egris,
1096 3747 1133 3804 lo
1156 3783 1159 3788 -
