2550 4225
412 294 655 344 nersnouunnm
672 298 737 347 um.
756 299 776 345 r.
795 302 816 345 1.
1035 284 1101 359 '146

166 431 260 507 AEqud
275 434 435 507 neglectum
448 435 542 509 pueris
555 436 724 509 senibusque
737 438 858 495 nocebit.

166 510 268 567 Restat
281 520 312 565 ut
325 510 368 565 his
381 530 435 585 ego
445 529 490 567 me
504 512 563 585 ipse
577 530 674 586 regam
686 499 812 587 solennis
823 513 983 573 elementis:

166 586 232 643 Non
246 587 336 662 possis
348 588 431 643 oculo
444 586 579 661 quantdm
594 591 765 647 contendere
780 590 920 665 Lynceus,

166 662 232 721 Non
246 674 341 720 tamen
355 664 460 720 idcirco
474 676 638 721 contemnas
651 666 743 741 lippus
756 668 872 742 inungi3

166 739 240 811 Nec,
253 740 319 813 quia
333 741 463 815 desperes
478 741 573 799 invicti
587 743 716 800 membra·
725 743 869 817 Glyconis,
1063 746 1102 801 30
1157 801 1160 807 ,

167 816 283 875 Nodosti
297 836 399 891 corpus
413 819 483 873 nolis
497 819 644 892 prohibere
659 807 829 895 chq‘ragri(

167 893 218 951 Est
230 894 353 969 qnidam
366 895 476 969 prodire
490 906 582 967 tenuS,
595 896 619 951 si
632 916 691 953 nou
704 898 785 953 datur
798 897 879 956 ultre

167 970 269 1028 Fervet
279 971 394 1028 avaritiis
407 972 564 1045 miseroque
578 974 711 1046 cupidine
724 977 842 1048 pectusl

169 1049 246 1117 Sunt
254 1048 338 1103 rerba
351 1060 380 1103 et
394 1066 476 1104 voces
489 1050 590 1122 quibus
604 1051 681 1105 hunc
693 1051 782 1107 lenire
795 1052 918 1109 dolorem

169 1127 273 1196 Possis,
287 1136 315 1181 et
328 1143 459 1199 magnam
474 1126 562 1183 morbi
576 1126 718 1201 deponere
730 1139 846 1203 partem.

170 1203 275 1261 Laudis
289 1220 384 1259 amore
398 1204 508 1258 tumesl
529 1213 594 1259 sunt
604 1215 682 1260 certa
694 1205 806 1278 piacula
818 1224 880 1279 quae
895 1217 922 1263 te

169 1280 227 1337 Ter
240 1277 311 1355 pure
325 1279 399 1336 lecto
411 1290 542 1353 poterunt
555 1299 682 1337 recreare
694 1281 798 1338 libello.

170 1358 295 1428 Invidus,
309 1357 470 1426 iracundus,
484 1358 569 1429 iners,
584 1358 706 1429 vinosus,
714 1370 835 1430 amator,

169 1435 262 1492 Nemo
275 1430 347 1490 adeo
362 1434 436 1491 serus
449 1445 491 1490 est
505 1446 536 1491 ut
549 1436 768 1491 nonanitssoore
782 1439 879 1510 possit,

171 1514 201 1569 Si
214 1509 300 1569 modd
313 1510 431 1567 culturae
445 1514 597 1585 patientem
611 1514 770 1569 commodet
783 1532 888 1574 aurem.

208 1589 305 1646 Virtus
318 1599 361 1645 est
374 1588 471 1645 vitium
486 1588 598 1662 fugem
619 1601 648 1645 et
661 1589 799 1663 sapientia
810 1591 900 1664 prima

170 1666 294 1724 stultius
308 1665 441 1722 caruisse.
482 1665 580 1735 Vides,
593 1684 655 1740 quae
668 1666 791 1722 nranima
804 1667 896 1723 credis

170 1744 240 1801 Esse
255 1743 337 1813 mala,
351 1742 485 1816 exiguum
499 1760 626 1813 censum,
640 1754 805 1817 turpemque
819 1743 968 1818 repulsam,

169 1822 287 1883 Quanto
299 1820 406 1876 devites
420 1819 513 1877 auimo
526 1820 680 1893 capitisque
693 1820 803 1876 labore:

169 1896 293 1973 Impiger
306 1908 445 1953 extremos
459 1896 548 1953 curris
562 1908 700 1953 mercator
713 1898 749 1952 ad
764 1896 861 1969 Indos,

170 1974 224 2032 Per
238 1993 315 2031 mare
328 1973 489 2049 pauperiem
502 1974 621 2049 fugiens,
634 1992 684 2049 per
698 1993 775 2045 saxa,
788 1993 838 2048 per
851 1974 948 2049 ignes:

100 2111 104 2118 ,
170 2050 216 2109 Ne
230 2068 312 2109 cures
326 2070 359 2107 ea
372 2069 434 2125 quae
448 2049 532 2107 stulte
547 2050 656 2111 miraris
669 2062 698 2107 et
710 2063 799 2127 optas,

170 2129 287 2187 Discere
300 2140 329 2186 et
341 2129 448 2200 audire,
462 2139 491 2185 et
504 2129 612 2186 meliori
625 2130 741 2185 credere
756 2148 813 2187 non
827 2131 887 2187 visi

169 2207 245 2269 Quis
259 2207 367 2264 circum
380 2224 466 2280 pagos
479 2216 508 2261 et
521 2207 630 2262 circum
643 2207 765 2279 compita
777 2226 891 2282 pugnax

171 2283 277 2359 Magna
291 2283 418 2339 coronari
431 2293 593 2338 contemnat
606 2282 749 2356 Olympia,
759 2284 807 2338 cui
820 2303 892 2357 spes,

170 2361 226 2416 Oui
239 2362 276 2416 sit
290 2359 413 2416 conditio
428 2359 519 2415 dulcis
532 2360 593 2415 sine
606 2361 720 2432 pulvere
730 2358 849 2432 palmael

210 2436 303 2495 Vilius
317 2447 463 2511 argentum
477 2445 519 2491 est
533 2454 610 2505 auro,
625 2435 773 2490 virtutibus
785 2454 892 2491 aurum.

171 2521 188 2544 “
200 2515 229 2571 Ο
242 2509 327 2584 cives,
342 2514 426 2583 cives,
440 2514 591 2587 quaerenda
604 2512 727 2586 pecunia
738 2509 860 2586 primum
874 2524 926 2582 est,

172 2591 269 2649 Virtus
283 2603 344 2666 post
357 2591 514 2647 nummos.’'
557 2590 629 2646 Haec
642 2588 733 2644 Janus
746 2606 873 2644 summus
885 2589 922 2644 ab
935 2590 991 2644 imo
1085 2622 1088 2631 -

171 2661 325 2726 Prodocet:
348 2668 408 2724 hoeo
422 2669 552 2724 recinunt
563 2667 681 2742 juvenes
694 2664 799 2722 dictata
813 2684 958 2739 senesque,

172 2746 257 2803 Laevo
270 2745 396 2820 suspensi
411 2743 517 2802 loculos
530 2744 709 2817 tabulamque
723 2743 835 2800 lacerto.

172 2824 203 2880 Si
215 2822 429 2898 quadringentis
442 2841 491 2877 sex
505 2834 610 2896 septem
625 2821 713 2877 millia
726 2822 838 2891 desunt,

172 2899 224 2957 Est
237 2898 347 2956 animus
361 2900 422 2967 tibi,
437 2912 503 2954 sunt
516 2917 617 2968 mores,
630 2910 660 2952 et
673 2898 778 2971 lingua,
792 2897 932 2970 fidesque;

172 2977 255 3034 Plebs
268 2978 332 3034 eris.
374 2979 413 3031 At
426 2976 505 3050 pueri
519 2975 659 3042 ludentes,
668 2980 686 3002 “
700 2975 765 3030 Rex
777 2975 860 3044 eris,'’
875 2975 964 3040 aiunt,

173 3060 190 3084 “
203 3055 235 3110 Si
248 3052 326 3110 roctd
341 3053 454 3110 facies.''
498 3051 554 3107 Hic
568 3068 666 3106 murus
679 3054 787 3106 aeneus
799 3061 868 3116 esto,
924 3080 929 3086 ·

172 3130 221 3187 Nil
235 3133 363 3188 conscire
377 3131 439 3199 sibi,
454 3129 531 3186 mdlti
545 3128 697 3203 pallescere
711 3126 804 3201 culpi.
948 3125 955 3132 '

173 3208 289 3278 Roscia,
303 3209 349 3265 dic
364 3203 456 3278 sodes,
471 3207 567 3262 melior
581 3207 636 3276 lex,
651 3224 687 3260 an
700 3221 850 3279 puerorum
864 3215 906 3260 est
941 3241 946 3246 ·

173 3283 284 3356 Naenia,
299 3304 360 3359 quae
375 3303 492 3360 regnum
507 3281 584 3340 recte
600 3281 768 3339 facientibus
779 3281 868 3349 offert,

173 3361 210 3418 Et
225 3363 349 3418 maribus
363 3363 458 3420 Curiis
471 3374 499 3418 et
513 3363 662 3420 decantata
675 3359 821 3416 Camillisl

175 3439 241 3496 isne
256 3438 306 3496 tibi
321 3437 423 3496 melius
436 3440 544 3508 suadet,
558 3439 615 3513 qui,
629 3456 688 3493 rem
703 3437 806 3506 facias3
826 3454 895 3507 rem,

174 3517 205 3574 si
219 3517 318 3592 possis,
333 3515 427 3586 rectd3
449 3517 472 3573 si
486 3535 554 3586 non,
567 3531 734 3589 quocunque
748 3515 831 3569 modo
844 3530 921 3578 rem;

174 3592 212 3650 Ut
223 3592 338 3670 propius
352 3606 462 3669 spectes
476 3593 631 3667 lacrymosa
644 3595 776 3666 poemata
788 3589 877 3664 Pupi:

176 3671 223 3727 An
235 3673 284 3745 qui
299 3672 416 3728 fortunae
430 3683 458 3728 te
470 3688 634 3746 responsare
648 3669 775 3744 superbe

168 3746 307 3809 Vsiberum
322 3759 352 3806 et
364 3760 491 3805 erectum
504 3765 627 3823 proesens
641 3747 766 3803 hortatur
778 3757 808 3801 et
819 3747 915 3821 aptati
967 3749 973 3754 '
