2550 4225
159 322 228 381 ιω
464 344 466 351 -
483 320 527 375 ιο.
545 314 690 367 nonum
707 316 831 367 smccr

210 460 340 519 Destinet
353 476 485 528 uxorem;
506 458 657 516 interdicto
670 459 737 515 huic
749 476 834 515 omne
847 458 953 517 adimat
962 459 1010 535 jus
1087 448 1093 472 ⁸

159 561 162 573 ¹
209 538 324 610 Praetor,
338 548 367 594 et
381 538 416 594 ad
430 554 514 593 sanos
528 537 610 593 abeat
622 535 710 595 tutela
722 536 899 611 propinquos.

208 616 305 677 Quidl
326 615 350 671 si
361 616 423 689 quis
436 625 549 689 gnatam
564 632 614 688 pro
627 613 706 669 muta
719 614 837 670 devovet
850 614 935 688 agni,

209 693 325 768 Integer
338 703 381 749 est
395 692 503 747 animil
537 690 584 747 Ne
598 689 709 747 dixeris.
743 690 830 765 Ergo,
845 692 893 748 ubi
906 708 990 765 prava
1088 688 1151 745 22⁰

210 770 343 840 Stultitia,
358 768 407 826 hlc
420 778 463 826 est
476 786 585 825 summa
599 768 725 824 insania:
746 768 793 841 qui
807 768 968 836 sceleratus,

209 848 247 905 Et
260 848 380 903 furiosus
393 847 463 903 erit:
484 864 567 919 quem
582 846 659 919 cepit
671 845 759 901 vitrea
769 843 855 916 sama,

202 925 298 982 'Hunc
312 924 513 981 circumtonuit
525 924 654 998 gaudens
667 921 785 978 Bellona
797 923 929 979 cruentis,

209 1002 297 1059 Nunc
311 1021 373 1077 age,
386 1001 524 1057 luxuriam
537 1013 567 1056 et
580 999 792 1056 Nomentanum
806 1000 896 1073 arripe
909 1014 1028 1055 mecum.

209 1080 314 1137 Vincet
324 1081 400 1136 enim
415 1077 513 1134 stultos
525 1076 728 1133 raticinsanire
740 1087 864 1150 nepotes.
972 1109 976 1114 ·
1050 1144 1053 1149 ¹
1088 1074 1152 1132 225

210 1158 268 1214 Hic
282 1158 363 1213 simul
378 1155 488 1229 accepit
501 1154 651 1229 patrimoni
665 1153 741 1208 mille
754 1155 868 1223 talenta,
899 1165 903 1173 ’
951 1159 964 1183 ·’
1066 1161 1072 1165 ”
1086 1146 1109 1163 ”

121 1236 123 1243 ’
210 1218 440 1310 Edicitpiseutor
455 1229 506 1302 uti,
519 1230 671 1307 pomarius,
687 1248 800 1304 auceps,

209 1311 428 1385 Unguentarius‚
442 1328 476 1365 ac
489 1308 580 1365 Tusci
594 1309 675 1365 turba
688 1308 775 1381 impia
788 1308 852 1377 vici,

210 1388 283 1445 Cum
298 1388 402 1444 scurris
416 1387 508 1456 fartor,
524 1402 589 1441 cum
604 1386 728 1441 Velabro
740 1403 824 1441 omne
837 1385 1000 1456 macellum,

209 1463 297 1521 Mane
309 1464 425 1521 domum
436 1464 557 1520 veniant.
588 1462 669 1523 Quid
679 1464 761 1519 tuml
780 1460 895 1518 Venere
906 1463 1073 1538 frequentes.
1087 1462 1151 1520 2⁴3⁰

208 1542 304 1599 Verba
317 1541 476 1597 facitlenoz
511 1541 680 1615 ‘Quidquid
694 1540 774 1610 mihi,
788 1539 925 1613 quidquid
938 1542 1081 1598 ethorum
1261 1551 1262 1608 t

209 1618 319 1693 Cuique
328 1618 404 1675 domi
417 1629 470 1689 est,
481 1618 510 1675 id
522 1619 606 1674 crede
619 1629 716 1687 tuum3
737 1628 766 1673 et
778 1617 821 1673 vel
835 1636 914 1673 nunc
922 1629 996 1692 pete,
1007 1617 1050 1673 vel
1064 1618 1147 1674 cras.⁸
1262 1655 1263 1668 r

211 1698 321 1771 Accipe
334 1697 402 1770 quid
415 1695 515 1752 contra
526 1695 637 1769 juvenis
651 1694 825 1769 responderit
838 1712 949 1768 equus:

210 1778 218 1802 ‘
230 1772 264 1829 In
279 1774 344 1829 nive
358 1773 477 1829 Lucani
490 1772 596 1828 dormis
609 1783 748 1841 ocreatus,
759 1782 792 1827 ut
804 1790 902 1846 aprum

209 1848 328 1906 Coenem
342 1868 410 1925 eg0;
432 1861 462 1906 tu
476 1849 568 1923 pisces
582 1849 700 1904 hiberno
712 1868 749 1903 ex
762 1867 872 1923 equore
885 1849 983 1905 vellis:
1085 1848 1149 1905 235

208 1927 311 2001 Segnis
323 1946 387 2001 ego,
400 1926 534 2001 indignus
546 1927 593 1999 qui
607 1924 717 1982 tantrlm
730 1927 896 2000 possideam.
931 1926 1036 1983 Aufer:
1211 1930 1215 1939 “

208 2004 295 2059 Sume
309 2004 359 2059 tibi
373 2003 484 2070 decies;
505 2001 556 2058 tibi
567 2004 751 2070 tantundem
771 2003 822 2059 tibi
835 2004 953 2078 triplex!

207 2078 296 2138 Filius
310 2080 408 2155 AEsopi
422 2077 577 2136 detractam
591 2098 625 2136 ex
639 2098 706 2137 aure
721 2079 853 2152 Metellae,
904 2103 908 2112 ·

207 2157 323 2214 Scilicet
336 2168 367 2214 ut
380 2157 476 2215 decies
489 2156 611 2214 solidum
624 2158 794 2228 exsorberct,
808 2169 888 2216 aceto

206 2233 298 2292 Diluit
310 2234 451 2309 insignem
466 2235 598 2292 baccam:
619 2235 668 2310 qui
682 2235 775 2292 sanior
788 2236 859 2292 acsi
1085 2236 1149 2294 240

207 2311 281 2368 Illud
294 2313 370 2369 idem
384 2313 413 2369 in
425 2313 552 2388 rapidum
567 2311 673 2368 flumen
683 2313 823 2388 jaceretre
836 2313 983 2370 cloacam?

205 2388 309 2450 Quinti
321 2391 471 2464 progenies
484 2389 561 2462 Arri,
574 2409 624 2466 par
638 2391 733 2448 nobile
746 2391 871 2462 sanum,

206 2465 351 2542 Nequitia
366 2478 394 2524 et
408 2468 501 2542 nugis,
514 2486 661 2542 pravorum
675 2479 704 2524 et
718 2485 812 2524 amore
826 2468 987 2546 gemellum,

206 2543 355 2604 Luscinias
368 2544 441 2602 soliti
455 2547 581 2620 impenso
593 2546 731 2619 prandere
746 2549 898 2619 coemptas.

205 2620 351 2681 Quorsum
364 2623 489 2678 abeantl
510 2623 572 2678 sani
586 2633 617 2678 ut
630 2622 718 2691 oreti,
733 2640 769 2678 au
784 2623 907 2678 carbone
919 2621 1060 2679 notandil
1083 2623 1147 2680 245

207 2697 361 2755 AEdificare
374 2693 464 2769 cusiis,
478 2699 625 2773 plaustello
637 2698 791 2772 adjungere
804 2715 908 2769 mures,

206 2774 317 2832 Ludere
331 2793 380 2848 par
394 2775 491 2848 impar,
499 2775 674 2848 equitarem
687 2775 826 2831 arundine
838 2773 934 2852 longi,

206 2851 237 2908 Si
247 2869 331 2928 quem
345 2850 465 2908 delectet
479 2853 634 2923 barbatum,
648 2852 771 2908 amentia
784 2865 883 2911 verset.

206 2929 237 2986 Si
250 2927 384 3004 puerilius
398 2929 441 2984 liis
450 2929 521 2985 ratio
531 2946 592 2986 esse
606 2931 718 2986 evincet
730 2949 842 3000 smare;

205 3004 270 3062 Nec
283 3005 433 3078 quidquam
447 3005 568 3078 differre,
582 3018 716 3064 utrumne
729 3008 895 3084 inpulvere‚
909 3009 1008 3066 trimus
1084 3009 1146 3067 250

204 3082 300 3144 Quale
313 3079 401 3157 priris,
414 3081 496 3139 ludas
508 3103 588 3158 opus,
600 3103 636 3142 an
651 3086 809 3142 meretricis
822 3105 916 3143 amore

206 3159 348 3216 Sollicitus
361 3161 468 3234 plores:
488 3179 593 3234 quaero,
608 3163 733 3220 faciasne
745 3164 820 3237 quod
833 3164 899 3220 olim

205 3235 332 3294 Mutatus
345 3235 499 3295 Polemonl
519 3257 608 3314 ponas
622 3241 744 3315 insignia
757 3239 856 3318 morbi,

204 3313 357 3384 Fasciolas
371 3315 486 3387 cubitu,
501 3316 611 3388 boalia,
624 3329 708 3392 potus
720 3329 752 3374 ut
765 3317 812 3374 ille

205 3389 317 3448 Dicitur
330 3409 365 3447 ex
377 3393 450 3450 collo
463 3393 558 3450 furtim
572 3395 709 3469 carpsisse
722 3411 849 3463 coronas,
1084 3397 1145 3453 2⁵5

205 3467 354 3542 Postquam
367 3480 411 3525 est
424 3470 557 3545 impransi
571 3482 716 3545 correptus
728 3488 796 3526 voce
809 3470 955 3544 magistril
1030 3509 1035 3516 ·

205 3545 327 3620 Porrigis
341 3545 412 3603 irato
423 3565 510 3622 puero
522 3565 608 3621 quum
622 3565 714 3620 poma,
728 3557 859 3604 recusat:

205 3623 320 3693 ‘Sume
335 3623 444 3680 Catelle
454 3625 469 3691 ;’
505 3635 605 3698 negat:
627 3623 722 3680 sinon
736 3625 796 3694 des,
809 3633 894 3698 optat
936 3625 1055 3686 Amator

206 3699 344 3756 Exclusus
357 3698 406 3772 qui
420 3701 512 3770 distat,
527 3701 585 3774 agit
597 3701 646 3756 ubi
659 3719 767 3770 secum,
781 3711 827 3756 eat
840 3719 876 3757 an
890 3719 947 3758 nou

205 3773 274 3836 Quo
288 3776 427 3832 rediturus
440 3786 499 3832 erat
512 3795 568 3834 non
582 3778 742 3849 arcessitus,
755 3789 784 3833 et
795 3778 881 3834 haret
1085 3780 1145 3838 28⁰
