2550 4225
172 276 230 333 158
488 274 518 329 Q·
537 274 681 321 HORATII
697 274 820 322 FLACCI

209 412 329 482 colum,
343 430 401 468 non
415 412 550 482 animum,
565 423 684 483 mutam,
697 413 745 486 qui
758 423 836 469 trans
848 431 925 469 mare
938 427 1063 473 currunt.
1116 438 1120 443 ·

209 490 330 545 Strenua
343 507 394 544 nos
405 500 519 545 exercet
532 489 632 545 inertia
645 509 651 544 :
671 490 789 545 navibus
799 500 881 562 atque

207 563 363 638 Quadrigis
375 564 496 639 petimus
509 566 582 622 bene
596 565 695 622 vivere.
735 566 822 625 Quod
835 566 917 639 petis,
931 566 980 624 hic
992 579 1044 639 est,

208 640 262 697 Est
274 641 397 711 Ulubris,
412 642 522 697 animus
536 642 559 699 si
573 653 670 699 tenon
683 642 778 697 deficit
791 659 895 715 equus.
1105 646 1146 702 30

513 942 713 1003 EPISTOLA
727 946 797 1002 XII.

567 1081 607 1117 AI>
625 1080 739 1118 ICCIUM.

206 1179 378 1236 Fauorinus
393 1179 525 1253 Agrippae
537 1178 652 1247 Siculis,
665 1196 735 1251 quos
748 1178 866 1253 colligis,
881 1180 952 1251 Icci,

206 1257 239 1311 Si
253 1254 329 1313 recte
341 1256 450 1325 frueris,
464 1273 521 1311 non
534 1265 578 1310 est
591 1265 622 1310 ut
635 1255 716 1327 copia
728 1254 816 1327 major

207 1332 254 1388 Ah
267 1332 337 1388 Jove
350 1332 448 1389 donari
462 1332 550 1405 possit
562 1331 629 1387 tihi:
650 1331 715 1386 tolle
728 1332 871 1403 querelas,

206 1407 315 1482 Pauper
328 1409 405 1464 enim
418 1426 475 1464 non
488 1419 540 1477 est,
555 1407 601 1463 cui
615 1425 709 1464 rerum
722 1408 844 1481 suppetit
858 1427 935 1464 usus.

207 1485 238 1540 Si
252 1486 341 1541 ventri
353 1486 434 1555 bene,
448 1484 472 1540 si
485 1484 564 1541 lateri
578 1493 620 1540 e'st
632 1484 806 1557 pedibusque
819 1484 885 1555 tuis,
899 1486 939 1541 nil

205 1558 317 1617 Divitiae
330 1572 461 1637 poterunt
474 1562 581 1635 regales
595 1562 697 1617 adde're
710 1561 808 1633 majus.

206 1640 238 1695 si
252 1636 321 1695 sorte
333 1640 362 1694 in
376 1638 469 1695 medio
481 1638 634 1711 positorum
648 1638 800 1693 abstemius
813 1638 907 1694 herbis

204 1714 283 1771 Vivis
296 1725 324 1771 et
337 1715 436 1785 urticd,
451 1716 491 1771 sic
502 1715 578 1771 vives
590 1716 725 1789 protinus,
739 1725 770 1770 ut
782 1725 810 1771 te

205 1791 361 1848 Confestim
371 1792 492 1864 liquidus
506 1791 638 1848 Fortunae
652 1793 727 1847 rivus
741 1792 866 1847 inauret:
883 1791 886 1796 ’

205 1868 258 1923 Vel
271 1868 337 1941 quia
350 1878 477 1924 naturam
491 1878 599 1923 mutare
612 1868 734 1941 pecunia
747 1868 856 1936 nescit:

204 1944 256 2001 Vel
271 1945 336 2017 quia
349 1954 454 2001 cuncta
466 1954 547 2017 putas
560 1944 617 2000 und
632 1944 732 2001 virtute
745 1945 861 2001 minora.
910 1943 914 1951 ⁴

204 2019 339 2076 Miramur
353 2021 377 2075 si
390 2020 544 2075 Democriti
558 2038 646 2093 pecus
659 2021 718 2075 edit
731 2022 835 2094 agellos
1088 2077 1092 2083 ,

204 2095 351 2170 Cultaque,
365 2097 432 2152 dum
445 2093 562 2171 peregre
576 2106 619 2153 est
632 2097 743 2153 animus
755 2097 816 2153 sine
829 2116 946 2172 corpore
955 2101 1049 2171 velox;

201 2173 302 2234 Quum
315 2183 355 2244 tu,
369 2174 442 2230 inter
455 2174 579 2230 scabiem
590 2184 696 2230 tantam
709 2186 738 2230 et
751 2175 882 2249 contagia
892 2175 972 2248 lucri,

202 2249 251 2307 Nil
265 2269 379 2324 parvum
394 2252 494 2324 sapies,
507 2263 536 2307 et
549 2251 643 2308 adhuc
653 2251 785 2307 sublimia
796 2269 889 2322 cures,
1101 2259 1137 2315 15

201 2328 277 2389 Quae
290 2346 366 2384 mare
380 2340 561 2402 compescant
573 2346 676 2399 causae,
687 2330 754 2402 quid
767 2339 904 2403 temperet
916 2348 1039 2399 annum;

203 2405 297 2461 Stellae
312 2415 410 2479 sponte
424 2405 476 2460 sud
486 2405 610 2480 jussaene
623 2416 759 2480 vagentur
773 2417 801 2461 et
814 2416 907 2462 errent
914 2426 922 2473 ;

199 2481 281 2541 Quid
294 2493 403 2554 premat
411 2482 562 2540 obscurum
575 2482 661 2552 lunae,
675 2483 742 2555 quid
755 2483 884 2556 proferat,
897 2484 1010 2552 orbem3

142 2607 146 2616 ,
199 2557 281 2618 Quid
295 2559 359 2614 velit
373 2569 401 2615 et
414 2559 500 2632 possit
510 2577 603 2614 rerum
616 2559 768 2615 concordia
781 2559 904 2627 discors;

200 2633 396 2708 Empedocles,
410 2655 446 2690 an
461 2634 626 2690 Stertinium
640 2635 739 2690 deliret
752 2637 891 2691 acumen?
1099 2641 1140 2698 20

239 2709 356 2781 veram,
370 2730 420 2766 seu
433 2712 534 2784 pisces,
549 2728 598 2764 seu
611 2717 724 2782 porrum
738 2723 767 2766 et
779 2729 857 2784 caepe
870 2713 1005 2784 trucidas,

202 2786 285 2843 Utere
298 2786 432 2859 Pompeio
444 2787 573 2856 Grospho
584 2804 591 2851 ;
612 2797 651 2856 et,
665 2787 688 2840 si
701 2787 769 2858 quid
782 2797 867 2858 petet,
878 2789 951 2845 ultro

200 2862 301 2918 Deser:
322 2861 362 2918 nil
375 2862 520 2936 Grosphus
532 2862 587 2916 nisi
601 2880 697 2917 verum
709 2863 799 2918 orabit
812 2874 841 2919 et
853 2883 972 2938 aequum.

203 2939 272 2994 Vilis
285 2939 438 2994 amicorum
452 2948 494 2993 est
507 2956 628 3006 annona,
643 2939 725 2994 bouis
738 2939 786 2995 uhi
799 2941 864 3012 quid
880 2943 966 2997 deest.

237 3014 284 3070 Ne
295 3025 389 3072 tamen
404 3016 517 3088 ignores
530 3031 585 3086 quo
599 3015 634 3070 sit
648 3016 780 3072 Romana
792 3016 855 3074 loco
869 3037 913 3074 res
925 3037 931 3072 :
1098 3025 1150 3086 25,

199 3091 340 3148 Cantaber
354 3092 497 3165 Agrippae,
509 3091 611 3148 Claudi
626 3093 726 3148 virtute
739 3093 863 3150 Neronis

201 3169 352 3224 Armenius
366 3168 483 3224 cecidit:
501 3169 548 3241 jus
562 3169 765 3243 imperiumque
779 3170 914 3228 Phraates

198 3244 318 3302 Caesaris
331 3245 440 3318 accepit
453 3245 573 3318 genibus
586 3245 696 3301 minor:
717 3265 803 3303 aurea
816 3247 909 3322 fruges

198 3317 288 3376 Italia
302 3322 386 3394 pleno
398 3321 510 3381 diffudit
523 3321 613 3396 Copia
626 3339 722 3379 cornu.
