2550 4225
142 341 184 400 att
463 333 494 388 Q.
512 322 797 385 Romanensem

223 474 284 530 Nos
296 485 391 529 manet
404 473 539 528 Oceanus
553 472 662 526 circum
676 488 764 543 vagus
777 486 860 523 arva:
881 468 963 524 mata

262 551 393 606 Petamus
406 567 480 617 arva,
495 548 594 605 divites
607 557 637 601 et
650 544 765 614 insulas,

121 654 125 665 ·
223 627 331 683 Reddit
345 627 393 681 ubi
407 626 540 681 Cererem
555 623 637 678 tellus
650 623 758 677 inarata
770 620 929 692 quotannis,

262 703 298 759 Et
311 704 446 777 imputata
459 699 538 756 floret
551 716 639 771 usqne
653 698 743 766 vinea,

222 781 368 835 Germiuat
381 791 409 834 et
423 796 565 849 nunquam
581 774 702 831 fallentis
716 784 818 829 termes
831 772 920 842 olivae,

262 858 403 929 Suamque
418 854 493 929 pulla
506 854 577 909 ficus
589 862 671 907 ornat
685 852 821 920 arborem,

223 933 310 1003 Mella
323 934 395 989 cavit
406 938 522 990 manant
535 949 571 987 ex
585 928 661 996 ilice,
674 927 817 983 montibus
830 925 894 985 altis

261 1009 345 1065 Levis
359 1018 491 1083 crepante
504 1007 617 1079 lympha
630 1004 724 1060 desilit
736 1004 817 1077 pede.

223 1086 286 1143 Illic
299 1087 412 1161 injussae
426 1084 542 1141 veniunt
556 1082 591 1137 ad
605 1081 726 1137 mulctra
738 1080 862 1154 capellae,

262 1163 416 1236 Refertque
431 1172 509 1217 teuta
521 1177 590 1232 grex
603 1158 712 1212 amicus
725 1157 827 1223 ubera3

224 1240 287 1295 Nec
301 1238 474 1312 vespertinus
488 1232 684 1307 circumgemit
697 1251 779 1287 ursus
791 1232 875 1301 ovile,

261 1313 504 1371 Nec-intumescit
517 1312 573 1367 alta
586 1310 688 1383 viperis
701 1310 820 1375 humus;

223 1391 311 1448 Nulla
324 1402 427 1447 nocent
440 1388 535 1464 pecori
548 1386 688 1458 contagia,
702 1385 808 1441 nullius
822 1384 888 1440 astri

261 1466 387 1543 Gregem
402 1478 521 1523 aestuosa
534 1474 619 1521 torret
632 1462 803 1536 impotentia.
884 1500 886 1502 >

223 1549 361 1621 Pluraque
376 1544 471 1601 felices
485 1541 666 1612 mirandarum
687 1550 750 1610 utn
806 1538 919 1612 clergie

263 1629 393 1700 Aquosus
408 1620 500 1676 Eurus
514 1637 578 1675 arva
592 1618 672 1673 radat
685 1558 831 1685 imbllllls,
847 1638 864 1670 ·,

223 1702 343 1777 Pinguia
356 1718 410 1757 nec
424 1698 508 1753 siccis
522 1702 637 1752 urantur
652 1693 761 1750 semina
773 1692 872 1767 glebis,

262 1780 417 1849 Utrumque
431 1794 498 1847 rege
511 1782 686 1845 temperante
700 1770 833 1825 coelitum.

223 1859 290 1914 Non
305 1858 360 1912 huc
375 1854 471 1925 Argoo
485 1848 630 1905 contendit
643 1846 749 1918 remige
762 1846 856 1919 pinus,

262 1934 362 2005 Neque
374 1928 516 2001 impudica
529 1924 646 1980 Colchis
659 1922 752 1977 intulit
765 1921 882 1995 pedem;

224 2011 292 2067 Non
306 2010 362 2064 huc
377 2004 486 2061 Sidonii
501 2010 642 2058 torserunt
655 2016 762 2054 cornua
775 2008 878 2067 nauta,

261 2084 413 2144 Laboricsa
426 2098 480 2136 nec
494 2080 594 2135 cohors
607 2076 734 2149 Ulyssei':

223 2164 331 2238 Jupiter
346 2161 393 2216 illa
407 2159 459 2232 piae
473 2155 592 2212 secrevit
604 2154 697 2209 littora
709 2152 796 2225 genti,

262 2240 300 2296 Ut
314 2236 468 2310 inquinavit
482 2251 537 2288 aere
550 2243 661 2304 tempus
674 2246 808 2295 aureum;

225 2317 303 2386 AEre,
317 2313 420 2372 dehinc
436 2311 508 2366 ferro
521 2308 631 2364 duravit
644 2305 757 2375 saecnla,
770 2322 890 2378 quorum

263 2394 321 2451 Piis
335 2389 470 2458 secunda,
485 2397 547 2442 vate
561 2404 616 2453 me,
631 2385 713 2439 datur
727 2382 800 2456 fuga.
841 2446 843 2451 Ι

488 2589 780 2607 Μ

549 2733 632 2788 ODE
653 2730 725 2786 XII.

532 2869 570 2904 AD
586 2863 742 2903 CANIDIAM·

567 2993 709 3025 lIORA'l‘lUS.

307 3085 323 3140 J
327 3103 369 3140 nm
381 3083 438 3156 jam
450 3080 558 3136 efficaci
573 3080 609 3135 do
622 3095 724 3132 manus
737 3074 879 3141 scientim

309 3160 432 3235 Supplex
446 3171 474 3213 et
487 3177 535 3213 oro
549 3174 637 3230 regna
649 3173 699 3228 per
712 3152 897 3224 Proserpina,

307 3239 360 3294 Per
371 3247 400 3292 et
414 3235 514 3291 Dianae
529 3253 585 3288 non
600 3229 738 3287 movenda
758 3227 886 3293 numina,

308 3315 361 3370 Per
376 3326 458 3385 etque
472 3311 558 3366 libros
572 3308 729 3364 carminum
745 3302 897 3360 valentium

308 3391 410 3448 Refixa
424 3390 495 3444 coelo
509 3389 644 3442 devocare
658 3383 758 3449 sidera,
780 3429 783 3434 .

309 3468 439 3535 Canidia,
454 3483 538 3540 pareo
553 3463 667 3520 vocibus
682 3459 795 3515 tandem
810 3456 906 3522 sacris,

309 3545 458 3616 Citumque
474 3554 547 3598 retro
562 3541 647 3607 solvo,
662 3536 746 3603 solve,
763 3533 910 3590 turbinem.

311 3622 399 3677 Movit
413 3629 543 3692 nepotem
558 3616 703 3688 Telephus
717 3611 867 3676 Nereium,

311 3698 345 3754 ln
358 3715 440 3771 quem
456 3695 591 3770 superbus
604 3692 749 3748 ordinarat
762 3687 875 3761 agmina

311 3775 466 3846 Mysorum,
481 3773 552 3828 etin
566 3789 650 3844 quern
664 3768 720 3825 tela
734 3777 817 3822 acuta
830 3772 955 3820 torserat.
