2550 4225
399 298 644 346 nnrsromnuu
659 300 723 370 mn
742 300 777 347 11.
796 305 817 347 1.

196 441 239 511 si,
252 440 319 514 quia
331 440 495 496 Grecorum
508 450 575 495 sunt
588 439 782 511 antiquissima
793 457 911 515 qunque

156 517 269 591 Scripta
282 517 324 573 vel
339 516 453 589 optima,
469 515 593 573 Romani
606 526 760 591 pensantur
773 517 873 573 eidem

157 594 314 667 Scriptores
327 594 441 664 trutinis,
456 612 513 649 non
527 604 569 649 est
582 591 659 666 qudd
672 594 759 649 multa
772 593 933 667 loquamur:
1054 595 1094 651 30
1132 597 1135 601 ’

156 670 206 727 Nil
221 671 294 726 intra
307 680 350 726 est
362 671 464 740 oleam,
478 671 517 727 nil
532 682 610 727 extra
622 681 666 726 est
679 670 708 725 in
722 688 807 740 nuce,
820 671 891 727 duri.

157 748 296 805 Venimus
309 748 345 803 ad
358 766 500 804 summum
515 748 648 804 fortuna:
669 747 812 821 pingimus
824 758 906 820 atque

157 825 306 881 Psallimus
319 834 348 880 et
360 824 499 881 luctamur
515 824 633 881 Achivis
646 822 759 880 doctius
772 824 873 881 unctis

157 902 188 959 Si
202 902 319 959 meliora
331 902 403 971 dies,
418 913 449 957 ut
461 900 535 971 vina,
549 906 681 975 poemata
690 901 792 973 reddit,

157 980 238 1035 Scire
252 978 334 1034 velim
348 978 470 1051 pretium
483 979 588 1034 chartis
600 990 702 1051 quotus
714 989 937 1051 arroget‘annus.

157 1057 282 1129 Scriptor
295 1055 400 1111 abhinc
413 1074 502 1112 annos
515 1067 630 1111 centum
644 1055 692 1127 qui
705 1054 821 1119 decidit,
834 1055 907 1111 inter

156 1132 300 1191 Perfectus
314 1142 475 1206 veteresque
489 1133 585 1188 referri
599 1132 693 1201 debet,
707 1150 744 1187 an
758 1132 830 1187 inter

156 1210 235 1267 Viles
248 1220 331 1283 atque
344 1211 450 1267 novosl
469 1210 602 1265 excludat
611 1209 705 1283 jurgia
718 1208 829 1265 linis.-

156 1288 207 1344 Est
220 1298 301 1344 vetus
314 1297 398 1361 atque
411 1287 523 1361 probuS,
537 1298 651 1343 centum
665 1286 713 1359 qui
727 1286 835 1359 perlicit
848 1304 985 1343 anuos.-

156 1365 247 1437 Quid,
260 1363 309 1439 qui
322 1364 441 1437 deperiit
455 1364 545 1421 minor
558 1382 617 1421 unc
630 1381 737 1434 mense,
751 1364 793 1419 vel
807 1382 891 1433 armo,

157 1442 234 1500 Inter
247 1460 319 1517 quos
332 1442 496 1499 referendus
509 1442 583 1499 eritl
604 1454 749 1497 veteresne
762 1444 868 1515 poetas,
908 1442 914 1451 '

138 1502 205 1593 ltin
217 1538 288 1594 quos
301 1529 330 1575 et
342 1536 466 1593 presens
479 1530 508 1575 et
521 1529 631 1592 postera
644 1529 756 1591 respuet
768 1520 895 1591 remst—

157 1593 214 1655 [ste
226 1597 341 1671 quidem
356 1606 463 1653 veteres
476 1596 549 1651 inter
562 1606 682 1669 ponetur
695 1594 824 1662 honeste,

155 1674 218 1736 Qui
232 1675 274 1730 vel
290 1690 388 1731 mense
402 1673 478 1729 brevi
492 1672 535 1728 vel
548 1684 606 1729 totn
619 1684 662 1728 est
669 1673 764 1746 junior
777 1690 900 1728 anno.-

157 1752 226 1809 Utor
238 1750 385 1827 permisso,
398 1750 552 1823 caudaeque
566 1750 637 1825 pilos
650 1761 681 1805 ut
693 1749 804 1823 equinae

157 1830 296 1886 Paulatim
309 1828 390 1897 vello,
404 1838 433 1884 et
445 1828 529 1885 demo
543 1846 641 1897 unum,
655 1828 738 1883 demo
751 1827 835 1883 etiam
850 1846 951 1892 unum3

158 1907 235 1965 Dum
248 1907 342 1975 cadat,
356 1905 450 1963 elusus
463 1905 570 1963 ratione
584 1904 692 1961 ruentis
704 1904 807 1975 acervi,

156 1983 219 2045 Qui
233 1984 306 2040 redit
319 1984 354 2041 ad
369 1983 463 2052 fastos,
478 1994 506 2039 et
520 1982 650 2039 virtutem
664 1983 783 2039 estimat
795 1983 886 2052 annis,

159 2060 332 2136 Miraturque
346 2060 416 2118 nihil
431 2060 485 2118 nisi
498 2061 572 2134 qnod
587 2059 712 2123 Libitina
724 2061 863 2134 sacravit„

196 2139 318 2210 Ennius,
332 2150 360 2195 et
373 2139 484 2212 sapiens
497 2149 525 2194 et
539 2139 625 2209 sortis,
639 2149 669 2194 et
681 2139 750 2194 alter
764 2138 916 2206 Homerus,

158 2215 196 2272 Ut
209 2215 302 2273 critici
315 2216 424 2285 dicunt,
437 2213 540 2272 leviter·
549 2234 648 2272 curare
661 2215 770 2271 videtur

156 2291 226 2354 Qud
240 2293 376 2367 promissa
389 2294 493 2348 cadant
505 2304 535 2348 et
547 2291 657 2348 somnia
670 2292 852 2364 Pythagorea.

158 2369 274 2426 Naevius
285 2370 313 2425 in
328 2370 458 2426 manibus
471 2387 528 2426 non
542 2379 593 2438 est,
607 2378 635 2422 et
649 2369 789 2424 mentibus
803 2369 891 2424 heret

157 2446 236 2504 Pene
250 2466 359 2517 recens,
374 2444 445 2504 ederi
460 2457 588 2502 sanctum
603 2455 646 2500 est
659 2456 739 2500 vetus
749 2462 834 2500 omne
847 2449 956 2518 poema.

158 2525 320 2599 Ambigitur
334 2524 442 2596 quoties
455 2535 517 2580 uter
532 2535 593 2580 utro
607 2521 643 2577 sit
655 2521 739 2595 prior,
755 2521 846 2578 aufert

157 2601 298 2660 Pacuvius
312 2601 387 2657 docti
402 2601 504 2678 samam
519 2601 604 2669 senis,
619 2599 721 2654 Actius
734 2598 798 2664 alti;

157 2678 270 2736 Dicitur
284 2677 386 2741 itt-ant
399 2689 464 2752 toga
477 2678 643 2736 convenisse
658 2675 831 2743 Menandr03

157 2755 274 2812 Plautus
287 2757 321 2812 ad
335 2756 476 2830 exemplar
491 2756 580 2812 Siculi
592 2773 740 2828 properare
754 2753 931 2827 Epicharmi3

157 2834 281 2891 Vincere
295 2833 429 2888 Caecilius
443 2834 588 2906 gravitate,
602 2832 755 2888 Terentius
769 2843 836 2888 arte.

157 2911 220 2969 Hos
233 2911 344 2981 ediscit,
358 2921 387 2966 et
401 2910 452 2972 hos
465 2921 543 2966 arcto
556 2910 657 2982 stipata
671 2911 779 2966 theatro
1057 2909 1096 2962 60

156 2985 274 3063 Specta't
287 2989 382 3046 Roma
395 2996 510 3060 potens;
533 2986 616 3042 habet
629 2987 681 3041 hos
694 2997 877 3060 numeratque
890 2989 989 3059 po'e'tas
1002 3045 1011 3060 ,

157 3069 208 3123 Ad
219 3078 347 3132 nostrum
361 3077 472 3138 tempus
487 3062 549 3120 Livi
562 3063 707 3136 scriptoris
720 3065 756 3120 ab
769 3083 835 3120 aevo.

156 3143 305 3201 Interdum
320 3143 420 3217 vulgus
434 3153 543 3198 rectum
559 3140 650 3207 videt;
671 3154 714 3197 est
727 3142 774 3198 ubi
788 3153 895 3215 peccat.

157 3222 189 3278 Si
204 3233 312 3278 veteres
326 3221 365 3276 ita
379 3220 494 3278 miratur
509 3219 659 3292 laudatque
673 3223 780 3294 poetas,

156 3299 195 3355 Ut
209 3299 279 3354 nihil
291 3297 437 3367 anteierat,
452 3297 521 3356 nihil
537 3297 591 3352 illis
605 3308 756 3370 comparet,
771 3307 862 3352 errat:
1058 3295 1098 3348 65

158 3377 190 3436 Si
203 3377 333 3451 quadam
347 3372 569 3448 nimis-antique,
584 3375 607 3429 si
622 3373 754 3448 pleraque
767 3369 838 3427 dure

157 3453 262 3510 Dicere
276 3454 352 3512 cedit
364 3454 422 3523 eos,
434 3450 534 3526 ignave
549 3452 637 3507 inulta
651 3449 763 3519 fatetur,

157 3531 194 3587 Et
208 3531 290 3606 sapit,
305 3541 333 3586 et
346 3549 458 3586 mecum
473 3530 549 3598 facit,
563 3540 591 3584 et
605 3528 675 3584 Jove
686 3527 795 3600 judicat
808 3545 895 3601 aequo.

157 3609 225 3665 Non
239 3608 370 3683 equidem
385 3608 516 3683 insector,
531 3605 685 3662 delendave
700 3605 827 3662 carmina
840 3605 902 3662 Livi

158 3685 229 3742 Esse
243 3705 316 3759 reor,
330 3685 448 3742 memini
460 3695 526 3760 qnae,
536 3683 681 3758 plagosum
696 3682 765 3738 mihi
779 3701 864 3756 partu

157 3763 421 3828 Orbiliumdictare
433 3781 445 3831 3,
462 3763 511 3820 sed
525 3761 674 3818 emendata
688 3759 786 3831 videri,
