2550 4225
166 294 207 351 ῃ
485 288 517 345 o.
535 286 681 337 noman
696 287 819 339 rancor

209 429 266 499 Sed
280 438 375 487 moen
389 437 482 485 amoto
494 446 653 501 quaeramus
665 427 739 485 seria
750 428 825 485 luds

207 505 260 561 Ille
273 522 384 579 gravem
400 504 470 561 duro
483 514 584 559 terram
598 504 647 576 qui
660 505 741 560 vertit
753 516 854 574 aratro,

207 581 335 639 Perfidus
348 580 395 636 hio
409 598 509 654 caupo,
523 579 613 647 miles,
627 592 775 653 nautaque
788 599 838 653 per
849 596 935 636 omno

208 659 342 716 Audaooe
356 674 432 713 mare
446 657 494 729 qui
506 667 634 727 currunt,
649 658 703 713 hta
716 668 813 715 moute
825 656 952 726 laborem

208 737 278 791 Sese
292 735 374 803 serre,
389 752 471 788 senes
485 740 515 788 ut
530 733 558 788 in
572 732 628 788 otia
642 742 703 789 tuta
716 735 861 803 recedant,

209 812 308 881 Aiunt,
322 828 408 885 quum
422 810 475 865 sibi
489 810 545 865 sint
558 820 693 883 congesta
703 809 825 866 cibaria:
846 810 920 865 siout

207 887 335 958 Parvula,
349 905 414 945 narn
424 885 552 959 exemplo
565 896 617 957 est,
631 887 728 961 magni
741 886 857 943 formica
869 884 972 942 laboris

208 965 266 1021 Ore
281 965 367 1020 trahit
380 964 566 1038 quodeunque
580 972 682 1036 potest,
696 974 778 1036 atque
792 964 871 1020 addit
883 979 982 1019 aoervo

207 1042 305 1103 Quein
319 1042 409 1109 struit,
423 1040 497 1095 haud
512 1040 610 1113 ignara
623 1058 657 1095 ao
672 1059 728 1095 non
743 1041 857 1096 incauta
871 1040 964 1095 bituri.

207 1118 294 1188 Quae,
308 1118 390 1174 simul
405 1117 548 1171 inversum
560 1116 708 1172 contristat
722 1117 864 1190 Aquarius
877 1132 993 1184 annum,

209 1195 276 1251 Nou
291 1212 405 1267 usquam
419 1192 551 1266 prorepit,
565 1202 594 1247 et
605 1192 659 1247 illis
673 1192 759 1248 utitur
773 1191 839 1248 ante

208 1271 346 1333 Quaesitis
359 1270 489 1344 sapiens:
509 1286 595 1341 quum
610 1279 743 1342 teneque
758 1269 881 1325 fervidus
896 1280 981 1325 aestus

208 1349 356 1405 Dimoreat
367 1348 460 1417 lueto,
470 1363 561 1419 neque
575 1345 676 1415 hiems,
690 1346 774 1419 ignis,
788 1364 876 1417 mare,
890 1346 1012 1413 ferrum3

209 1426 259 1483 Nil
273 1426 363 1482 obstet
375 1424 436 1495 tibi,
449 1423 517 1479 dum
530 1441 567 1478 ne
580 1422 616 1479 sit
629 1433 657 1481 te
672 1423 753 1481 ditior
767 1424 844 1480 alter.

208 1503 290 1564 Quid
301 1504 381 1578 juvat
395 1504 563 1559 immensum
577 1512 605 1558 te
619 1502 728 1577 argenti
741 1503 852 1576 pondus
865 1510 894 1557 et
903 1498 965 1556 auri
1060 1501 1063 1509 '

209 1580 319 1637 Furtim
332 1581 443 1638 desossd
453 1580 583 1636 timidum
597 1581 739 1655 dmonera
752 1579 883 1635 terril—

208 1658 306 1727 Quod,
328 1659 351 1714 si
365 1658 551 1727 oomminuas,
565 1657 650 1713 vilem
665 1658 806 1731 redigatur
820 1655 856 1712 ad
870 1671 1009 1711 assem.-

209 1737 258 1804 At,
273 1735 302 1790 ni
316 1735 345 1790 id
359 1735 398 1804 lit,
413 1735 479 1806 quid
495 1734 579 1790 habet
591 1735 702 1807 pulchri
716 1744 894 1791 oonstruotus
908 1731 1046 1787 aoervust

210 1810 302 1868 Millia
316 1811 449 1867 frumenti
462 1821 511 1866 tua
524 1809 630 1867 triverit
643 1829 709 1867 area
722 1821 854 1875 eentum3

209 1888 275 1944 Non
289 1899 354 1945 tuus
367 1888 421 1943 hoo
435 1886 530 1961 oapiet
542 1897 637 1942 venter
651 1884 811 1960 plusquam
824 1904 921 1941 meus:
942 1894 983 1954 ut,
996 1882 1021 1939 si

209 1964 375 2020 Reticulum
389 1964 472 2037 panis
486 1962 598 2018 venales
613 1963 800 2031 interouusto

209 2038 295 2098 Forte
309 2041 395 2095 vehas
409 2041 536 2108 humero,
551 2038 641 2095 nihilo
654 2040 718 2113 plus
731 2039 856 2114 aooipias
867 2037 953 2113 qudm

211 2119 273 2182 Qui
287 2118 326 2174 nil
340 2117 464 2192 portabit.
500 2116 554 2172 Vel
568 2116 625 2187 dio,
638 2117 706 2191 quid
719 2117 822 2173 reserat
835 2117 909 2172 intra
991 2149 993 2153 ·

209 2196 325 2252 Naturae
339 2195 412 2252 fines
424 2193 538 2264 viventi,
549 2192 650 2267 jugera
663 2206 788 2264 centum,
802 2214 839 2250 an

209 2272 289 2330 Mille
303 2283 362 2335 aret
370 2272 462 2328 t-At
475 2289 560 2326 suave
574 2282 618 2326 est
629 2290 666 2332 ex
679 2290 783 2346 magno
795 2271 893 2328 tollere
906 2287 1054 2327 auerso.-

209 2349 285 2406 Dum
299 2369 334 2406 ex
347 2365 432 2423 parro
445 2348 526 2404 uobis
539 2350 706 2404 tantundem
720 2349 832 2406 haurire
845 2348 997 2422 relinquas}
1034 2411 1043 2420 ι

208 2427 268 2483 Cur
281 2438 330 2483 tua
343 2424 407 2500 plus
420 2426 519 2482 laudes
533 2427 657 2482 numeris
669 2427 800 2500 granaria
812 2423 934 2482 nostrisl

209 2503 256 2574 Ut,
270 2503 321 2558 tibi
335 2503 359 2560 si
373 2504 409 2560 sit
422 2522 493 2580 opus
505 2501 603 2576 liquidi
618 2523 674 2559 non
689 2504 809 2577 amplius
823 2503 904 2572 urnii,

209 2581 262 2637 Vel
275 2582 388 2654 cyatho,
402 2592 431 2638 et
444 2582 540 2637 dieas:
564 2586 582 2612 “
595 2580 703 2655 Magno
716 2581 752 2636 de
766 2579 882 2636 flumine
892 2576 1015 2647 mallem,

207 2655 306 2719 Quam
320 2678 355 2714 ex
369 2658 423 2714 hoo
437 2658 572 2715 fonticulo
584 2659 752 2714 tantundem
766 2657 904 2714 sumere?
946 2650 990 2711 Ed
1004 2651 1036 2710 fit

209 2735 323 2791 Plenior
337 2746 369 2791 ut
382 2735 405 2790 si
419 2753 489 2807 quos
502 2734 624 2790 delectet
637 2735 719 2808 copia
728 2735 815 2807 justo,

209 2812 283 2868 Cum
298 2811 359 2884 ripa
372 2810 454 2866 simul
466 2810 579 2876 ¹avulsos
593 2811 664 2867 serat
677 2811 799 2868 Aufidus
813 2829 893 2869 noer:

211 2889 310 2962 Atqui
324 2887 432 2944 tantulo
443 2899 508 2960 eget
520 2900 625 2962 quanto
637 2883 774 2964 est'opus,
788 2890 813 2946 is
824 2907 917 2963 neque
929 2887 997 2946 limo

210 2963 367 3022 Turbatam
381 2966 474 3022 haurit
487 2984 597 3038 aquam,
609 2985 701 3042 neque
716 2967 800 3024 vitam
813 2967 915 3024 amittit
929 2967 959 3022 in
971 2963 1063 3022 undis.
1113 2961 1155 3020 60
1242 3013 1245 3017 .

249 3044 290 3099 At
303 3044 376 3100 bona
389 3061 455 3117 pars
468 3042 614 3100 hominum
629 3046 749 3118 decepta
762 3045 895 3118 cupidine
909 3043 988 3112 falso,

210 3125 228 3151 ‘⁴
241 3119 291 3176 Nil
303 3118 371 3176 satis
381 3121 452 3186 est‚’'
464 3120 570 3193 inquit;
585 3125 603 3150 “
615 3122 682 3196 quia
690 3121 770 3189 tanti,
780 3132 916 3193 quantum
928 3120 1044 3189 habeas,
1053 3118 1120 3175 sis.”

209 3197 290 3256 Quid
305 3197 391 3254 lanias
404 3198 464 3254 illil
481 3197 582 3271 jubeas
595 3199 729 3266 miserum
742 3215 816 3266 esse,
828 3197 947 3253 libenter

209 3273 364 3334 Qudtenus
377 3274 406 3330 id
421 3273 505 3332 lacit:
526 3285 557 3330 ut
570 3275 683 3348 quidam
697 3283 867 3332 memoratur
882 3273 1015 3345 Athenis,

212 3350 348 3406 Sordidus
362 3351 498 3420 audires,
510 3351 606 3424 populi
620 3363 803 3408 oontemnere
815 3368 899 3406 voees
1113 3346 1155 3406 65

212 3427 261 3483 Sio
276 3426 388 3483 solitus:
411 3428 564 3501 “Populus
577 3447 623 3484 me
637 3428 746 3499 sibilat3
766 3439 796 3484 at
810 3428 879 3484 mibi
892 3427 996 3502 plaudo

212 3504 277 3577 lpse
292 3504 378 3574 domi,
392 3505 475 3565 a'imul
490 3523 524 3560 ao
538 3523 670 3562 nummos
683 3505 856 3579 contemplor
869 3506 900 3562 in
912 3505 1008 3564 arat?

212 3579 352 3638 Tantalus
365 3600 381 3636 a
396 3581 482 3636 labris
492 3582 590 3638 sitiens
604 3581 741 3654 fugientia
754 3590 849 3655 captat

106 3661 109 3668 '
212 3657 353 3714 Flumina.
388 3658 467 3718 Quid
484 3659 578 3714 ridesl
598 3669 706 3714 mutato
719 3658 834 3715 nomine
847 3659 883 3714 de
897 3670 925 3716 te

214 3733 322 3800 Fabula
336 3745 480 3790 narratur:
502 3734 643 3810 oongestis
656 3735 781 3809 undique
795 3737 887 3792 saonis
