2550 4225
160 268 203 327 ω
313 250 315 254 ’
486 266 681 336 ιιιιοιιιιιι
696 265 821 316 macor

169 442 195 485 ·.
261 408 373 466 Cuncta
387 424 489 464 manus
501 406 598 463 avidas
611 406 722 481 fugient
734 408 864 478 narem,
877 410 971 465 amico

473 484 550 545 Quat
565 484 792 542 dederisauimo.
1104 482 1145 541 Φ)

258 563 360 625 Quum
373 561 460 619 semel
473 560 623 632 occideris,
636 571 666 618 et
676 562 715 617 ile
728 572 757 619 te
769 561 918 636 splendida
930 560 1027 620 Minos

473 637 586 697 Fecerit
599 638 722 710 arbitria,

258 717 335 789 Non,
350 718 505 792 Torquate,
518 734 619 791 genus,
632 734 691 774 non
703 726 732 773 te
746 716 888 788 munilia,
900 736 959 775 non
971 728 1000 773 te

474 792 618 851 Restituet
630 794 729 869 pietas.

258 870 383 929 Infernis
395 888 489 945 neque
502 872 579 929 eninr
592 872 718 929 tenebris
730 870 826 931 Diana
837 872 974 956 pudicum
1104 870 1144 928 ὥ

473 948 588 1005 Liberat
601 950 836 1025 Hippolytum:

258 1026 322 1085 Nec
335 1027 451 1085 lemna
464 1026 537 1083 valet
549 1025 682 1083 Theseus
695 1028 862 1103 abrumpere
874 1046 941 1085 cuo

474 1102 599 1159 Vincula
612 1101 746 1161 Pirithoo

440 1412 447 1427 ⁸
565 1412 649 1469 ODE
669 1413 737 1470 vll.

524 1550 565 1587 Ab
577 1550 782 1589 CENSORINUH.

320 1650 475 1708 Βοιιιιιιιιι
488 1658 599 1723 pateras
612 1660 747 1723 grataque
761 1648 938 1718 commodus,

321 1726 488 1796 Censoriae,
502 1727 573 1782 meis
587 1744 643 1781 aera
656 1726 809 1797 sodalibus,

319 1803 462 1860 Donarem
476 1802 609 1877 tripodas,
622 1803 738 1877 praemia
751 1802 864 1860 sortium

318 1882 343 1937 G
347 1881 484 1949 raiorum;
505 1898 598 1953 neque
611 1890 642 1935 tu
655 1880 777 1954 pessima
789 1898 939 1937 munerum

320 1957 431 2027 Ferrea,
445 1958 531 2014 divite
544 1974 590 2013 me
604 1957 713 2014 scilicet
726 1958 828 2014 artium

318 2034 402 2095 Quas
415 2045 464 2091 aut
477 2035 643 2091 Parrhasius
656 2034 779 2109 protulit,
794 2045 844 2091 aut
857 2036 985 2109 Scopas3

228 2162 231 2168 .
321 2113 379 2170 Hic
392 2131 469 2184 saxo,
483 2112 595 2186 liquidis
609 2112 656 2169 ille
669 2113 812 2170 coloribus

268 2247 270 2252 ,
320 2191 414 2247 Solers
427 2209 505 2247 nunc
519 2190 663 2247 hominem
676 2209 791 2266 ponere,
806 2209 885 2248 nunc
898 2191 1000 2248 deum:

320 2269 378 2325 Sed
392 2287 450 2326 non
464 2269 526 2324 haec
540 2268 609 2325 mihi
623 2269 675 2339 vis,
695 2287 749 2325 nec
762 2268 813 2326 tibi
823 2269 922 2326 talium

319 2345 380 2404 Res
393 2356 436 2403 est
449 2357 498 2403 aut
511 2347 624 2403 animus
636 2347 801 2404 deliciarum
814 2365 912 2422 egens.

318 2425 434 2481 Gaudes
448 2425 633 2494 carminibus:
655 2425 782 2483 carmina
794 2443 945 2500 possumus

319 2501 443 2573 Daune,
454 2513 483 2559 et
495 2504 616 2578 pretium
630 2503 725 2560 dicere
740 2503 858 2560 muneri.

307 2578 386 2649 ‚Non
400 2581 491 2636 incisa
504 2581 578 2638 notis
593 2599 731 2638 marmora
743 2580 875 2654 publicis,

318 2657 373 2714 Per
386 2675 448 2730 quae
462 2658 575 2731 spiritus
588 2669 617 2713 et
628 2658 684 2714 vita
697 2657 769 2713 redit
783 2657 864 2714 bonis

318 2734 385 2792 Post
398 2745 517 2807 mortem
530 2735 667 2802 ducibus;
688 2752 746 2789 non
760 2733 868 2790 celeres
880 2734 967 2809 lingat,

317 2809 501 2884 Rejectaeque
515 2808 667 2868 retrorsirm
681 2811 853 2901 Hannibalis
865 2812 968 2879 ruinam
1023 2871 1027 2878 ,

318 2885 386 2944 Νοιι
402 2888 536 2944 incendia
550 2888 752 2964 Carthaginis
744 2889 848 2964 impiae,

233 2989 235 2996 ·
318 2963 388 3040 Ejus
401 2985 448 3040 qur
441 2965 569 3022 domitii
583 2986 688 3025 nomeu
702 2968 737 3024 ab
751 2968 850 3026 Africa

318 3043 458 3102 Lucratus
471 3045 564 3116 rediit,
578 3043 683 3102 claritis
696 3046 823 3104 indicant

318 3119 441 3194 Laudes,
456 3141 540 3195 quam
555 3123 684 3178 Calabra
697 3123 838 3179 Pierides:
858 3141 960 3196 neque,

319 3198 350 3255 Si
364 3197 469 3256 chartae
482 3200 584 3258 sileant
596 3201 671 3273 quod
686 3200 758 3256 bene
772 3199 884 3270 seceris,

318 3273 483 3334 Mercedem
497 3276 601 3336 tuleris.
633 3276 714 3336 Quid
728 3277 799 3334 soret
811 3275 873 3333 Ilire

318 3353 507 3428 Mavortisque
520 3373 600 3429 puer,
614 3355 638 3410 si
652 3355 828 3412 taciturnitas

317 3430 451 3489 Obstaret
464 3433 571 3488 meritis
586 3433 680 3509 invida
693 3430 830 3488 Remulii

317 3507 453 3584 Ereptum
469 3511 574 3584 Stygiis
587 3509 719 3567 fluctibus
733 3508 856 3566 AEacurn

321 3587 416 3644 Virtus
430 3599 459 3644 et
472 3587 549 3644 favor
563 3599 592 3644 et
605 3588 702 3664 lingua
715 3587 872 3663 potentium

284 3725 285 3728 Ἴ
318 3664 423 3721 Vatum
434 3665 567 3721 divitibus
580 3676 728 3726 consecrat
740 3665 847 3722 insulis.

320 3741 444 3816 Dignum
459 3743 542 3799 laude
556 3743 647 3804 virum
661 3741 746 3800 Musa
758 3755 833 3801 vetat
846 3744 933 3800 muri:
