2550 4225
115 280 170 337 ιω
278 334 281 338 ,
421 269 459 333 Q.
474 276 622 325 noman
638 276 770 326 vincor.

150 418 206 474 Pes
219 417 308 484 citus3
329 418 406 473 unde
418 419 505 474 etiarn
518 416 651 474 trimetris
665 434 826 473 accrescere
837 416 919 491 jussit

150 494 264 551 Nomen
279 493 411 564 tambeis,
424 512 511 569 quum
525 513 608 550 senos
620 494 751 549 redderet
763 494 845 564 ictus,

150 571 262 629 Primus
276 572 311 626 ad
325 581 482 627 extremum
496 571 595 626 similis
608 571 678 625 sibi:
699 571 807 631 nonita
820 571 938 644 pridem,

151 648 272 705 Tardior
283 658 314 704 ut
326 646 411 721 paulb
425 648 589 722 graviorque
602 648 710 703 veniret
723 649 758 703 ad
773 666 863 719 aures,

152 727 298 800 Spondeos
308 726 422 780 stabiles
436 725 465 780 in
476 726 541 798 jura
553 735 670 797 paterna
682 724 789 798 recepit

151 802 326 859 Commodus
338 812 367 858 et
379 801 505 875 patieus3
526 820 584 857 non
598 811 630 857 ut
640 801 676 856 de
690 802 757 857 sede
768 803 894 858 secundi

151 879 274 935 (lederet
287 879 447 952 autquarta
460 878 607 935 socialiter.
649 877 707 933 Hic
718 889 749 934 et
762 878 792 933 in
806 877 881 936 Acci

152 956 303 1012 Nobilibus
316 956 449 1012 trimetris
462 966 577 1029 apparet
589 955 678 1024 rarus,
693 965 721 1010 et
734 954 820 1010 Enni.

151 1033 186 1089 In
200 1052 316 1089 scenam
329 1033 429 1088 missus
442 1051 546 1106 magno
555 1051 621 1087 cum
631 1032 756 1105 pondere
769 1050 874 1102 versus,

152 1112 212 1166 Aut
226 1129 317 1184 operae
331 1110 431 1166 celeris
444 1108 564 1165 nimiirm
578 1110 702 1181 curvique
716 1110 847 1179 carentis,
906 1178 909 1185 .

152 1188 212 1242 Aut
226 1188 358 1263 ignoratae
371 1188 473 1260 premit
482 1187 549 1241 artis
562 1186 680 1241 crimine
694 1187 776 1259 turpi.

151 1264 218 1320 Non
232 1264 323 1337 quivis
335 1264 410 1319 videt
423 1263 605 1320 immodulata
617 1266 749 1336 poemata
759 1263 861 1337 judex;

151 1339 190 1395 Et
202 1342 268 1397 data
281 1341 420 1397 Romanis
432 1342 514 1397 venia
527 1351 570 1396 est
582 1340 699 1414 indigna
712 1341 810 1413 politis.

152 1416 301 1475 Idcircone
315 1437 408 1491 vager,
422 1418 598 1490 scribamque
612 1417 739 1487 licenter,
754 1429 784 1472 ut
797 1434 895 1473 omnes

151 1494 270 1551 Visuros
282 1506 400 1569 peccata
412 1506 508 1569 putem
522 1514 595 1563 mea,
608 1505 695 1563 tutus,
709 1504 738 1549 et
747 1494 820 1551 intra

152 1572 239 1645 Spem
249 1573 339 1634 venias
352 1574 474 1628 cautus?
516 1572 610 1628 Vitari
623 1572 746 1645 denique
759 1572 881 1645 culpam,

153 1647 220 1704 Non
234 1648 347 1704 laudern
361 1649 460 1706 merui.
500 1649 561 1705 Vos
574 1650 744 1723 exemplaria
756 1649 857 1706 Graeca

152 1725 302 1782 Nocturni
315 1737 422 1783 versate
436 1745 533 1796 manu,
548 1738 654 1782 versate
669 1726 779 1783 diurni.

153 1803 194 1858 At
208 1804 289 1859 vestri
302 1804 396 1877 proavi
411 1804 557 1859 Plautinos
569 1814 598 1859 et
610 1822 742 1859 numeros
756 1814 785 1859 et
810 1833 815 1841 ,

153 1879 318 1936 Laudavt‘ire
331 1880 413 1950 sales,
427 1879 548 1936 nimium
561 1880 699 1953 patienter
713 1890 871 1954 utrumque,

152 1956 200 2012 Ne
213 1957 306 2012 dicam
320 1954 415 2026 stulte,
426 1957 534 2022 mirati;
556 1958 580 2011 si
594 1955 677 2013 rnodd
691 1976 745 2031 ego
757 1967 786 2013 et
799 1976 848 2014 vos

153 2032 265 2088 Scimus
280 2034 447 2089 inurbanum
462 2034 555 2106 lepido
569 2051 704 2105 seponere
718 2034 803 2104 dicto,

51 2142 54 2145 ·
151 2109 378 2184 legitimumque
391 2129 491 2166 sonum
506 2109 602 2184 digitis
615 2111 760 2180 callemus,
775 2123 803 2168 et
816 2129 891 2170 aure.

190 2187 322 2261 Ignotum
336 2187 468 2262 Tragicae
477 2206 568 2262 genus
582 2187 723 2244 invenisse
737 2187 881 2245 Camoenae
976 2203 979 2212 ’

151 2263 262 2321 Dicitur
287 2275 316 2321 et
327 2265 456 2338 plaustris
469 2265 577 2320 vexisse
591 2263 722 2339 poerna'ta
735 2265 859 2341 Thespis

150 2341 212 2402 Qui
240 2353 376 2399 canerent
388 2355 559 2417 agerentque
573 2343 703 2416 peruncti
718 2342 834 2399 faecibus
846 2361 902 2400 ora.

92 2461 96 2464 -
151 2419 218 2475 Post
232 2421 318 2490 hunc,
333 2439 459 2493 personae
472 2421 607 2493 pallasque
621 2431 744 2494 repertor
758 2421 891 2490 honestm,

129 2522 134 2529 ·
152 2496 314 2570 AEschylus,
325 2508 355 2552 et
368 2498 486 2553 modicis
499 2498 626 2553 instravit
640 2498 747 2571 pulpita
760 2498 854 2571 tignis,

150 2573 188 2630 Et
199 2575 294 2630 docuit
304 2593 493 2648 magnumque
506 2575 582 2648 loqui
595 2574 702 2647 nitique
716 2575 861 2630 cothurno.

151 2652 297 2707 Successit
309 2662 390 2706 vetus
403 2652 447 2706 his
460 2651 617 2719 Comoedia,
633 2669 691 2706 non
706 2651 767 2706 sine
781 2650 885 2706 inulti·

81 2774 93 2788 .
150 2728 267 2796 Laude3
287 2729 337 2783 ‘sed
351 2730 380 2784 in
394 2728 491 2783 vitium
507 2728 619 2782 libertas
631 2728 738 2783 excidit
751 2727 845 2782 etvini

150 2805 274 2880 Dignam
287 2805 350 2878 lege
364 2805 437 2878 regi:
458 2805 505 2859 lex
518 2814 562 2859 est
574 2814 700 2876 accepta,
712 2804 868 2876 chorusque

149 2882 284 2957 Turpiter
296 2881 424 2951 obticuit,
438 2882 546 2937 sublato
556 2881 620 2955 jure
632 2881 762 2936 nocendi.

189 2961 239 3016 Nil
255 2961 422 3018 intentatum
437 2959 523 3015 nostri
536 2957 765 3033 liquere-poetas:

150 3037 214 3094 Nec
227 3038 375 3094 minimum
390 3035 519 3092 meruere
533 3038 629 3106 decus,
644 3036 761 3110 vestigia
773 3036 873 3092 Graeca

151 3116 225 3171 Ausi
238 3117 367 3171 deserere
380 3124 410 3170 et
423 3114 566 3169 celebrare
579 3113 734 3169 domestica
748 3113 831 3182 facta,

151 3192 205 3248 Vel
219 3193 267 3266 qui
281 3202 439 3265 praetextas,
453 3191 495 3246 vel
509 3191 558 3264 qui
571 3189 696 3246 docuere
710 3201 825 3265 togatas.

153 3269 217 3325 Nec
231 3270 331 3325 virtute
346 3270 416 3325 foret
429 3269 546 3324 clarisve
560 3269 702 3342 potentius
717 3267 810 3338 armis,

151 3343 249 3407 Quum
264 3347 373 3420 lingula,
387 3346 509 3415 Latium,
523 3345 546 3400 si
561 3363 619 3401 non
631 3345 788 3401 offenderet
801 3363 902 3401 unum·
1035 3344 1096 3401 29⁰

151 3441 290 3497 quemque
303 3427 449 3497 poetarum
463 3423 537 3478 limae
550 3421 628 3478 labor
641 3432 669 3478 et
683 3441 767 3478 mora.
808 3420 878 3491 Vos,
891 3440 910 3477 o

152 3499 308 3573 Pompilius
320 3500 445 3572 sanguis,
459 3517 574 3555 carmen
587 3499 784 3572 reprehendite
797 3498 871 3570 quod
886 3515 944 3554 non

153 3575 244 3632 Multa
258 3577 319 3632 dies
332 3587 362 3631 et
374 3577 462 3632 multa
476 3577 559 3632 litura
572 3576 710 3643 coercuit,
726 3585 809 3646 atque

153 3653 323 3709 Praesectum
338 3653 433 3708 decies
446 3673 502 3708 non
516 3651 662 3725 castigavit
676 3653 711 3705 ad
725 3667 858 3724 unguem.

192 3729 343 3802 Ingenium
356 3729 458 3784 miseni
471 3730 537 3800 quia
551 3727 720 3784 fortunatius
735 3737 792 3782 arte
993 3744 996 3748 ·
1036 3728 1096 3783 295
