2550 4225
432 326 635 375 SATlRARUM
654 329 717 377 Llll.
736 331 755 375 l.
774 331 810 377 lu.

168 466 242 526 Tam
256 468 368 543 nigrum
382 486 496 523 surrexe
509 468 594 523 mihi!
617 466 688 541 fugit
701 466 851 541 improbus,
864 486 899 525 ac
912 488 958 525 me

169 544 229 601 Sub
240 545 331 601 cultro
344 544 470 617 linquit.”
504 546 582 601 Casu
595 543 672 599 venit
684 543 781 599 obvius
794 544 832 606 illi

169 622 371 678 Adversarius:
392 632 429 691 et,
452 626 469 650 “
481 619 551 681 Qud
566 631 606 692 tu,
622 620 781 694 turpissime
790 622 821 675 l'’
843 624 946 696 magna
1035 642 1040 652 ·

169 698 315 755 Exclamat
329 716 413 765 voce;
435 709 472 767 et,
495 703 512 727 “
527 697 609 753 Licet
622 696 755 753 antestari
762 698 792 751 l’'
815 696 876 772 Ego
890 697 954 755 verd

169 774 289 850 Oppono
302 775 474 831 auriculam:
496 775 567 847 rapit
581 775 610 830 in
621 774 684 847 jus:
705 774 809 829 clamor
822 775 968 848 utrinque;

168 850 299 926 Undique
312 870 475 908 concursus.
510 852 558 913 Sic
575 869 620 906 me
634 850 752 906 servavit
766 850 876 925 Apollo.

444 1258 448 1269 Δ
513 1202 669 1260 SATIRA
691 1203 728 1257 X.

170 1320 280 1378 Nem
296 1320 479 1393 incomposito
492 1318 550 1375 diri
564 1323 636 1395 pede
651 1340 763 1378 currere
778 1341 872 1379 versus

171 1396 271 1454 Lucili.
305 1395 381 1457 Quis
394 1408 452 1452 tam
467 1396 559 1453 Lucili
574 1398 663 1454 fautor
677 1398 771 1494 inepte
786 1411 837 1468 est,
856 1410 861 1415 “

170 1474 207 1532 Ut
220 1494 278 1531 nou
289 1475 342 1529 hoc
357 1475 494 1532 fateaturl
529 1476 568 1531 At
582 1475 667 1545 idem,
682 1478 757 1549 quod
772 1478 830 1532 sale
845 1475 932 1531 multo

170 1552 275 1609 Urbem
289 1550 429 1620 defricuit,
443 1552 541 1607 cllartd
555 1552 684 1608 laudatur
697 1554 805 1608 eadem.

170 1628 234 1685 Nec
244 1640 339 1684 tamen
354 1629 408 1683 hoc
419 1628 544 1684 tribuens
555 1629 680 1684 dederim
693 1645 802 1704 quoque
816 1640 933 1685 caetera:
955 1646 1019 1685 nam
1033 1629 1107 1684 sicu

169 1704 206 1763 Et
218 1704 323 1764 Laberi
339 1706 448 1774 mim03,
463 1717 493 1761 ut
504 1706 622 1779 pulchra
632 1711 771 1780 poemata,
787 1707 877 1763 mirer.

171 1782 246 1859 Ergo
259 1800 317 1839 non
331 1779 399 1838 satis
412 1792 455 1838 est
469 1782 526 1837 risu
542 1783 676 1839 diducere
689 1785 791 1842 rictum

170 1860 332 1918 Auditoria:
354 1871 381 1915 et
395 1868 437 1915 cst
450 1859 577 1932 quandam
591 1873 686 1917 tamen
702 1861 748 1917 liic
761 1879 870 1935 quoque
885 1862 978 1917 virtus.

170 1937 221 1995 Est
234 1936 368 1996 brevitate
382 1954 461 2010 opus,
476 1948 506 1992 ut
521 1950 614 1994 currat
628 1940 776 2010 sententia,
790 1957 846 1995 neu
861 1957 892 1995 se
1111 2006 1115 2015 Ι

170 2014 310 2088 Impediat
323 2012 413 2069 verbis
427 2013 513 2069 lassas
526 2015 709 2073 onerantibus
723 2035 812 2073 auree.
1071 2013 1108 2069 lu

170 2090 207 2149 Et
220 2108 348 2148 sermone
361 2108 431 2165 opus
444 2104 486 2148 est
500 2089 583 2148 modd
598 2093 679 2165 tristi,
694 2092 768 2170 saepd
780 2097 885 2168 jocoso,

172 2167 350 2226 Defendente
364 2168 453 2224 vicem
468 2168 551 2225 modd
566 2171 684 2228 rhetoris
697 2182 778 2245 atque
791 2175 893 2246 politae,

171 2245 318 2302 Interdum
333 2245 441 2315 urbani,
456 2249 595 2320 parcentis
610 2249 723 2318 viribus,
738 2261 820 2322 atque

170 2321 357 2380 Extenuantis
369 2341 417 2378 eas
431 2321 567 2378 consultd.
603 2323 769 2381 Ridiculum
784 2327 841 2380 acri

172 2397 285 2457 Fortiirs
298 2411 326 2455 et
340 2399 440 2456 melitis
454 2419 569 2474 magnus
583 2397 746 2474 plerumque
760 2412 837 2458 secat
851 2411 903 2456 re's.
984 2406 990 2413 “

172 2476 227 2548 Illi,
242 2478 346 2552 scripta
359 2478 460 2550 quibus
474 2475 612 2534 comoedia
624 2479 718 2553 prisca
732 2478 796 2533 viris
809 2489 861 2546 eet,

171 2554 235 2612 Hoc
249 2555 368 2624 stabant,
383 2555 436 2612 hoc
448 2568 512 2611 sunt
527 2556 669 2622 imitandi;
690 2574 758 2628 quos
771 2573 861 2629 neque
875 2553 990 2628 pulcher

172 2631 366 2707 Hermogenes
380 2651 501 2706 unquam
516 2633 592 2706 legit,
606 2652 697 2706 nequo
711 2632 809 2688 simius
820 2633 882 2699 iste,
986 2628 990 2637 '

170 2707 219 2765 Nil
233 2719 332 2782 prteter
346 2707 465 2765 Caluam
478 2722 506 2765 et
519 2711 618 2766 doctus
632 2722 746 2766 cantare
760 2709 952 2764 Catullum.-

171 2787 213 2842 At
224 2803 359 2860 magnum
374 2787 449 2857 lecit,
463 2785 537 2860 quod
554 2789 644 2844 verbis
657 2789 758 2843 Graeca
773 2787 881 2844 Latinis
1068 2786 1108 2841 m

171 2862 364 2919 Miscuit-O
378 2865 431 2920 scri
443 2866 612 2930 studiorum!
635 2866 721 2937 quine
735 2864 838 2938 putetis

171 2937 292 2998 Difficile
306 2952 334 2996 et
347 2942 460 3007 mirum,
475 2940 589 2996 Rhodio
602 2943 675 3012 quod
691 2942 859 2998 Pitholeonti

170 3016 297 3091 Contigit
304 3019 395 3072 t-At
408 3035 500 3072 sermo
514 3018 610 3090 lingui
624 3020 782 3074 concinnus
796 3021 913 3093 utrique

172 3095 298 3164 Suavior,
314 3106 344 3150 ut
358 3094 431 3150 Chio
445 3107 510 3150 nota
525 3094 547 3149 si
562 3097 713 3150 commixta
727 3095 840 3152 Falerni
853 3106 904 3150 est,

169 3170 268 3232 Quum
284 3189 379 3226 versus
390 3172 485 3240 facias,
500 3185 527 3227 te
542 3173 632 3244 ipsum
646 3184 804 3246 percontor,
816 3191 851 3228 an
863 3188 891 3228 et
905 3189 990 3245 quum
1068 3170 1108 3224 25

168 3246 250 3320 Dura
262 3248 313 3304 tibi
327 3250 487 3321 peragenda
500 3250 539 3304 rei
554 3249 590 3309 sit
603 3268 689 3303 causa
704 3249 808 3318 Petilli,

172 3324 288 3382 Scilicet
301 3325 405 3381 oblitus
418 3327 568 3399 patriaeque
581 3326 723 3400 petrisque
738 3325 842 3392 Latini,

170 3399 269 3461 Quum
285 3401 389 3457 Pedius
402 3421 501 3457 causas
515 3403 631 3458 exsudet
646 3403 797 3477 Poplicola,
812 3413 894 3475 atque

170 3477 319 3548 Corvinus,
333 3479 428 3552 patriis
442 3479 632 3535 intermiscere
654 3480 740 3553 petita

171 3555 266 3612 Verba
279 3555 345 3612 foris
359 3556 449 3626 malis,
461 3557 598 3612 Canusini
614 3575 690 3613 more
704 3557 856 3630 bilinguisl
1069 3556 1108 3610 au

171 3632 259 3708 Atqui
279 3651 332 3706 ego
355 3652 439 3706 quum
454 3634 569 3689 Graecos
579 3633 711 3703 lacerem,
725 3647 807 3689 uatus
821 3652 897 3690 mare
910 3633 990 3702 citra,

171 3709 344 3780 Versiculos,
359 3711 446 3767 vetuit
459 3728 504 3764 me
518 3711 566 3766 tali
581 3729 649 3766 voce
663 3710 814 3781 Quirinus,

171 3784 237 3842 Post
248 3787 371 3843 mediam
385 3798 496 3844 noctem
511 3788 595 3858 visus,
607 3804 692 3863 quum
706 3787 816 3846 somnia
829 3806 912 3844 vera:
