2550 4225
518 298 582 347 ΑΒΕ
599 298 753 349 Polemon.

128 444 131 449 ’
175 439 238 501 (tui
251 440 353 509 nescit,
367 457 464 495 versus
477 452 573 496 tamen
586 440 672 496 audet
685 440 792 514 fingere
804 442 983 502 t-Quidnit

177 516 262 575 Liber
275 527 305 573 et
318 518 469 591 ingenuus,
483 517 638 591 praesertim
652 536 756 573 census
769 531 925 590 equestrem

178 595 325 651 Summam
339 612 529 663 nummorum,
544 593 665 668 vitioque
680 605 803 650 remotus
817 597 852 651 ab
865 598 991 653 omni.-

177 670 225 729 Tu
239 670 310 727 nihil
325 671 412 727 inviti
422 671 502 730 dices
515 669 636 727 faciesve
651 670 798 740 Minervd3

178 748 212 805 ld
226 748 277 804 tibi
288 748 427 823 judicium
441 759 493 818 est,
507 767 540 804 ea
554 766 651 805 mens:
672 750 696 805 si
710 749 777 822 quid
791 760 885 806 tamen
898 751 964 807 olim

179 825 341 899 scripseris,
355 825 384 882 in
399 823 481 881 Metii
495 826 649 883 descendat
659 826 763 901 judicis
778 845 868 897 aures,

178 903 216 960 Et
228 902 325 977 patris,
339 913 369 958 et
382 912 506 970 nostras;
528 921 690 977 nonumque
703 915 844 976 prematur
860 904 889 959 in
904 923 1018 961 annum.

179 979 376 1036 Membrauis
368 980 559 1053 rntuspositis,
570 981 665 1036 delere
675 981 771 1041 licebit

169 1058 265 1120 Quod
277 1077 334 1113 non
348 1056 486 1125 edideris3
508 1058 599 1113 nescit
611 1077 665 1115 vox
678 1058 763 1113 missa
777 1060 885 1114 reverti.

217 1135 365 1190 silvestres
378 1135 507 1190 homines
520 1151 598 1190 sacer
612 1135 804 1208 interpresque
818 1136 933 1191 deornm

178 1211 315 1267 Caedibus
328 1223 358 1267 et
370 1212 446 1267 rictu
461 1211 535 1267 foedo
547 1212 684 1268 deterruit
698 1210 846 1285 Orpheus3

178 1288 282 1345 Dictus
294 1288 332 1344 ob
345 1289 399 1344 hoc
413 1288 500 1343 lenire
514 1289 601 1361 tigres
613 1289 781 1361 rabidosque
795 1289 905 1344 leones:

180 1365 283 1422 Dictus
296 1376 325 1422 et
338 1364 493 1438 Amphion,
504 1364 652 1420 Thebane
664 1366 791 1421 conditor
806 1366 887 1435 arcis,

179 1444 256 1499 Saxa
268 1461 379 1499 morere
393 1461 462 1498 sono
475 1441 634 1511 testudinis,
648 1452 677 1499 et
688 1461 773 1516 prece
788 1442 891 1498 blandii

180 1519 294 1577 Ducere
307 1517 364 1593 qud
378 1520 468 1576 vellet.
509 1517 577 1573 Fuit
590 1520 652 1574 lraec
666 1519 803 1593 sapientia
816 1521 967 1592 quondam,

179 1597 299 1655 Publica
310 1595 426 1671 privatis
439 1614 597 1666 secernere,
612 1614 693 1651 sacra
705 1596 837 1669 profanis,

179 1674 342 1732 Concubitu
355 1674 503 1748 prohibere
517 1691 597 1747 vago,
611 1674 678 1729 dare
689 1673 752 1747 jura
767 1674 882 1743 maritis,

179 1751 294 1827 Oppida
307 1752 408 1821 moliri,
422 1752 501 1825 leges
514 1750 638 1806 incidere
652 1750 738 1824 ligno.

181 1830 232 1887 Sic
245 1830 334 1886 honor
347 1839 376 1885 et
389 1846 492 1885 nornen
506 1828 609 1883 divinis
621 1827 731 1883 vatibus
744 1839 827 1901 atque

181 1906 364 1963 Carminibus
376 1906 460 1961 venit
501 1905 569 1961 Post
582 1906 632 1961 bos
647 1906 766 1979 insignis
780 1904 922 1962 Homerus

180 1982 368 2059 Tyrtaeusque
380 2002 472 2039 mares
485 1983 594 2039 animos
604 1983 634 2038 in
649 1982 753 2039 Martia
767 1982 839 2038 bella

181 2062 318 2119 Versibus
331 2061 458 2128 exacuit3
480 2060 563 2117 dicte
572 2080 622 2136 per
633 2061 759 2118 carmina
772 2070 876 2130 sortes;

182 2139 220 2197 Et
232 2141 295 2196 vitae
309 2149 461 2196 monstrata
475 2140 519 2194 via
533 2150 592 2207 est;
612 2149 642 2195 et
656 2139 745 2213 gratia
758 2158 857 2212 regum

181 2216 282 2273 Pieriis
295 2227 402 2274 tentata
415 2216 521 2283 modis3
542 2215 682 2288 ludusque
695 2227 831 2289 repertus,

181 2293 219 2351 Et
231 2295 378 2369 longorum
391 2311 508 2367 operum
522 2292 605 2347 finis:
626 2310 663 2347 ne
678 2291 747 2347 forte
762 2292 862 2366 pudori

182 2372 226 2428 Sit
240 2372 291 2428 tibi
303 2371 387 2426 Musa
400 2371 468 2444 lyrae
481 2369 578 2438 solers,
592 2379 621 2424 et
633 2381 731 2426 cantor
746 2369 856 2442 Apollo.

220 2447 332 2504 Naturd
346 2449 426 2504 fieret
438 2446 578 2502 laudabile
591 2465 717 2515 carmen,
731 2464 767 2501 an
783 2456 851 2514 arte,

180 2526 341 2586 Quantum
355 2536 406 2582 θεῖ.
447 2523 509 2612 Ego
522 2542 577 2580 uec
590 2523 751 2579 studium
729 2541 790 2578 sme
804 2490 890 2578 divite
905 2522 985 2590 verrit,

182 2601 248 2660 Nec
260 2604 330 2660 rude
343 2602 412 2691 quid
425 2602 511 2676 possit
524 2601 626 2658 rideo'
619 2601 784 2675 ingenium:
806 2599 955 2656 alterius
933 2617 975 2654 src

183 2680 283 2737 Altera
294 2680 385 2754 poscit
397 2698 479 2753 opem
493 2698 547 2749 res,
561 2689 590 2734 et
600 2679 729 2766 conjurat
743 2674 844 2734 amice.

181 2757 243 2818 Qui
257 2759 351 2813 studet
363 2767 487 2830 optatam
500 2774 585 2812 cursu
599 2757 764 2830 contingere
778 2765 891 2824 metam,

184 2833 276 2891 Multa
285 2835 349 2891 tulit
362 2833 482 2906 lecitque
496 2852 582 2907 puer;
603 2834 698 2888 sudat
692 2843 713 2888 rt
726 2843 755 2888 et
769 2832 847 2900 alsit;

185 2911 331 2968 Abstinuit
343 2910 457 2967 Venere
470 2919 499 2964 et
513 2910 593 2964 vino:
614 2910 662 2981 qui
676 2910 777 2982 Pythia
789 2919 885 2964 cantat

183 2987 318 3060 Tibicen,
331 2986 431 3044 didicit
443 2982 531 3060 prius,
544 2986 728 3091 extimuitque
742 2986 914 3058 magistrum.

184 3064 249 3122 Nec
261 3035 330 3122 satis
343 3074 386 3122 est
399 3064 519 3120 dixisse:
560 3062 657 3137 “Ego
670 3062 741 3118 mira
754 3067 885 3136 poemata
899 3080 1010 3137 pango-z

183 3142 314 3218 Occupet
329 3153 485 3199 extremum
499 3140 625 3207 scabies;
647 3135 716 3196 mihi
730 3150 809 3213 turpe
823 3140 943 3212 relinqui
957 3149 1010 3209 est,

184 3219 223 3276 Et
224 3220 320 3294 ,quod
334 3238 391 3276 non
401 3218 499 3287 didici,
513 3236 582 3274 sane
598 3219 708 3274 nescire
723 3217 829 3273 sateril’

223 3266 263 3354 'Ut
273 3314 368 3371 praeco
377 3298 413 3354 ad
428 3313 537 3351 merces
550 3296 659 3351 turbam
670 3296 718 3369 qui
732 3295 808 3384 cogit
821 3298 963 3366 emendas,

186 3377 384 3432 Assentatores
385 3374 474 3506 djubet
487 3373 523 3429 ad
536 3373 668 3428 lucrum'
661 3392 701 3429 rre
715 3375 798 3446 poeta

185 3451 272 3509 Dives
283 3452 371 3546 agris,
385 3451 463 3506 dives
477 3450 574 3525 positis
587 3451 617 3506 in
631 3450 737 3507 foenore
751 3451 883 3506 nummis.

186 3529 218 3586 si
231 3526 298 3586 rerd
309 3539 352 3584 est
364 3538 481 3583 unctum
495 3527 543 3602 qui
555 3524 634 3584 recte
645 3546 749 3602 ponere
760 3528 856 3600 possit,

187 3605 224 3664 Εῖ
234 3606 375 3694 spondere
389 3605 442 3661 levi
456 3625 506 3679 pro
519 3623 652 3679 paupere,
666 3616 694 3662 et
706 3605 813 3693 eripere
829 3603 895 3662 atris

187 3673 298 3741 litibus
311 3681 490 3758 implicitum,
502 3683 624 3740 mirabor
637 3701 662 3738 ει
654 3682 763 3740 ''sciel
757 3691 843 3739 utter-
