2550 4225
166 264 237 339 ιωΧ
343 328 345 335 ,
486 274 519 331 u.
537 248 683 325 iromru
699 274 824 329 rancor
903 289 912 338 5

242 414 372 473 Perditnr
385 415 446 473 hec
459 413 533 473 inter
547 414 650 473 misero
661 405 721 485 lux,
734 430 792 476 nm
804 414 867 475 siue
880 416 967 475 rotis:

204 493 232 549 Ο
246 511 303 563 rusq
316 493 429 567 quaudo
442 511 496 569 ego
510 504 537 549 te
551 491 707 567 aspiciam?
726 492 895 567 quandoque
907 494 1014 567 licebit

203 569 290 627 Nunc
305 580 429 627 veterum
442 570 530 640 libris,
544 588 622 627 nunc
636 588 735 628 somno
748 582 778 628 et
790 570 927 630 inertibus
941 572 1026 643 lroris,

177 700 180 705 .
203 646 316 705 Ducere
329 648 455 706 miliciae
467 647 593 723 jucunda
606 647 708 706 oblivia
721 648 783 705 vitae
794 650 806 703 l

141 736 145 745 '
202 725 231 781 Ο
244 726 356 799 quando
370 725 443 796 faba,
457 724 623 799 Pythagorae
637 736 767 799 cognata,
781 726 919 800 simulque

202 802 296 859 Uncta
309 800 376 859 satis
390 804 487 877 pingui
501 815 642 878 ponentur
655 803 784 860 oluscula
796 803 893 860 lardol

202 880 230 935 Ο
244 893 342 937 noctes
355 898 499 954 coenreque
513 880 607 950 derim,
622 882 725 953 quibus
739 881 798 955 ipse
811 881 923 955 meique

205 959 280 1014 Ante
294 957 396 1014 Larem
408 958 550 1032 proprium
565 976 672 1029 vescor,
686 976 840 1031 vernasque
853 976 987 1032 procaces

203 1034 292 1091 Pasce
305 1034 397 1091 libatis
411 1035 544 1111 dapibus!
587 1034 675 1092 Prout
688 1036 791 1109 cuique
806 1035 894 1093 libido
906 1047 959 1105 est,

202 1112 298 1169 Siccat
311 1112 462 1186 inaequales
476 1112 580 1169 calices
593 1114 720 1182 conviva,
735 1115 843 1170 solutus

202 1190 326 1264 Legibus
340 1190 462 1249 insanis:
477 1208 534 1245 seu
544 1190 607 1263 quis
620 1190 696 1265 capit
709 1190 787 1250 aeria
801 1191 879 1247 sortis

201 1267 316 1337 Pocula,
330 1286 380 1323 seu
393 1268 512 1325 modicis
526 1268 632 1323 uvescit
646 1266 746 1325 letius.
788 1266 864 1342 Ergo
1106 1273 1146 1330 70

201 1346 301 1403 Sermo
313 1345 411 1415 oritur,
425 1364 482 1403 non
496 1346 532 1401 de
547 1345 618 1409 villis
632 1345 797 1402 domibusve
811 1344 920 1416 alienis,
943 1377 947 1385 ·

199 1421 264 1479 Nec
277 1419 352 1478 malti
368 1440 460 1479 necne
474 1422 566 1497 Lepos
579 1424 677 1481 saltet:
699 1423 758 1494 scd,
771 1424 845 1497 quod
859 1421 950 1498 magis
964 1425 1000 1484 ad
1013 1443 1065 1485 uos

199 1499 325 1557 Pertinet
338 1510 367 1557 et
380 1501 490 1558 nescire
504 1501 609 1557 malurn
623 1514 675 1572 cst,
690 1503 846 1577 agitamus;
867 1512 997 1559 utrumne
1018 1554 1023 1558 .

171 1626 174 1631 .
200 1577 312 1635 Divitiis
326 1578 464 1650 homines,
478 1598 515 1637 an
529 1578 586 1637 sint
600 1579 703 1636 virtute
714 1578 805 1647 beati;

197 1654 313 1717 Quidve
326 1656 362 1713 ad
376 1657 525 1727 amicitias,
541 1676 608 1714 usus
621 1669 778 1729 rectumne,
792 1658 964 1727 trahatnos3
1104 1662 1145 1719 75

199 1732 245 1804 Et,
259 1752 321 1807 qum
335 1735 372 1793 sit
385 1746 486 1793 natura
499 1736 587 1804 bcni;
609 1754 807 1812 summumque
820 1736 888 1809 quid
901 1736 971 1811 ejus.

199 1812 318 1872 Cervius
332 1813 393 1869 haec
408 1813 480 1870 iuter
494 1814 604 1869 vicinus
618 1814 706 1889 garrit
718 1813 808 1872 aniles

198 1888 242 1946 Ex
256 1910 285 1947 re
300 1890 422 1947 tibertus.
464 1889 540 1949 Num
555 1892 578 1947 si
591 1892 654 1966 quis
667 1892 765 1950 laudat
776 1890 867 1951 Arelli

198 1968 339 2025 Sollicitas
353 1970 467 2047 ignarus
479 1987 558 2043 opes,
572 1968 613 2025 sic
628 1968 744 2044 incipit:
766 1968 872 2028 “Olim
1042 2019 1045 2023 .

197 2046 335 2103 Rusticus
349 2046 487 2103 urbanum
502 2064 611 2103 murem
625 2066 689 2105 mus
701 2066 825 2124 paupere
839 2048 927 2105 fertur
1103 2050 1143 2109 8⁰

197 2125 352 2200 Accepisse
367 2143 446 2196 cavo,
460 2137 581 2183 veterem
596 2137 676 2182 vetus
689 2127 791 2201 hospes
804 2126 945 2196 amicum3

197 2205 289 2278 Asper
302 2215 330 2260 et
344 2213 466 2260 attentus
478 2197 612 2278 quesitis
623 2216 656 2261 ut
669 2215 764 2262 tamen
778 2215 887 2272 arctum

198 2283 323 2339 Solveret
337 2280 463 2356 hospitiis
477 2282 611 2342 animum.
652 2282 734 2344 Quia
747 2283 856 2342 multa?
876 2301 968 2358 neque
982 2282 1029 2343 ille
1096 2310 1098 2312 ·

197 2361 318 2436 sepositi
333 2360 443 2432 ciceris,
458 2379 512 2418 nec
525 2361 617 2436 longe
632 2362 733 2420 invidit
745 2381 858 2420 arene:

197 2437 318 2497 Aridum
332 2451 361 2496 et
373 2458 421 2496 ore
436 2439 529 2497 ferens
543 2440 668 2511 acinum,
682 2459 847 2516 semesaque
860 2438 930 2498 lardi
1100 2441 1142 2500 85

197 2515 299 2574 Frustra
309 2518 397 2588 dedit,
412 2517 530 2592 cupiens
544 2519 621 2576 varie
636 2519 747 2576 fastidia
761 2519 844 2576 cent

197 2595 322 2653 Vincere
334 2596 478 2670 tangentis
491 2594 565 2654 male
581 2598 694 2672 singula
706 2598 791 2654 dente
806 2597 941 2670 superbo:

195 2672 296 2734 Quum
309 2685 387 2750 pater
399 2675 458 2748 ipse
473 2673 573 2732 domris
586 2673 668 2750 palei
681 2684 827 2748 porrectus
840 2674 869 2729 in
885 2673 975 2732 homi

197 2751 281 2808 Esset
293 2751 361 2809 ador
374 2751 536 2826 loliumque,
549 2753 630 2827 dapis
643 2753 758 2808 meliora
771 2752 941 2824 relinquens.

196 2828 329 2888 Tandem
338 2829 462 2885 urbanus
471 2830 505 2885 ad
516 2831 601 2899 hunc,
611 2834 617 2858 ‘
627 2829 708 2889 Quid
717 2829 847 2904 tejuvat‚'
860 2829 959 2904 inquit,
971 2830 1089 2902 ‘amictu
1099 2830 1140 2888 9⁰

195 2907 331 2984 Praerupti
347 2907 470 2964 nemoris
483 2906 637 2982 patientem
651 2908 744 2965 rivere
757 2908 861 2967 dorsol

196 2986 249 3050 Vis
261 2997 291 3042 tu
306 2985 434 3044 homines
448 2987 602 3060 urbemque
616 2987 682 3043 feris
695 3005 858 3061 praeponere
871 2987 967 3043 silvis?

151 3121 159 3134 ,
195 3063 287 3139 Carpe
302 3065 384 3134 riam,
400 3064 468 3120 milri
483 3065 577 3135 crede,
592 3083 697 3135 comas,
711 3065 854 3122 terrestria
866 3063 980 3138 quando

196 3141 330 3198 Mortales
344 3143 454 3200 animus
465 3143 562 3199 vivunt
575 3143 682 3214 sortita,
696 3161 789 3217 neque
803 3141 860 3199 ulla
875 3153 918 3198 est

196 3221 255 3275 Aut
269 3235 372 3295 magno
386 3232 434 3277 aut
447 3239 532 3295 parvo
541 3219 590 3276 leti
605 3220 689 3295 lisga:
711 3239 776 3295 quo,
790 3220 872 3289 bone,
887 3220 973 3289 circa,

195 3297 271 3353 Dum
285 3298 361 3368 licet,
376 3299 406 3356 in
416 3299 501 3355 rebus
511 3299 647 3372 jucundis
662 3299 723 3354 vive
737 3299 852 3368 beatus;

194 3375 265 3432 Vive
279 3393 387 3433 memor
399 3374 485 3454 quim
499 3377 537 3432 sis
551 3377 602 3432 aevi
616 3377 725 3433 brevis!
767 3375 840 3433 Hrec
853 3376 902 3432 ubi
915 3375 991 3432 dictu

194 3452 347 3526 Agrestem
357 3451 502 3528 pepulere,
517 3455 601 3510 domo
614 3455 682 3520 levis
696 3455 807 3511 exsilit:
829 3454 894 3510 inde

194 3529 289 3586 Ambo
302 3532 472 3606 propositum
487 3544 625 3607 peragunt
640 3533 701 3603 iter,
716 3533 793 3592 urbis
806 3542 921 3589 arentes

195 3605 302 3662 Moenia
315 3609 446 3664 nocturni
461 3609 621 3684 subreptire.
663 3608 783 3683 Jamque
796 3610 911 3666 tenebat
1081 3609 1139 3666 loo

194 3683 223 3740 N
226 3703 263 3740 ox
276 3685 401 3745 medium
415 3686 478 3746 coeli
493 3688 624 3760 spatium,
639 3705 725 3762 quum
738 3687 817 3760 ponit
830 3699 947 3760 uterque

162 3761 164 3765 ’
194 3761 230 3818 In
245 3761 382 3836 locuplete
397 3762 481 3820 domo
495 3765 627 3839 vestigia3
649 3765 733 3822 rubro
746 3763 794 3820 ubi
808 3783 896 3822 cocco
