<?xml version="1.0" encoding="UTF-8"?>
<!DOCTYPE html PUBLIC "-//W3C//DTD XHTML 1.0 Transitional//EN"
    "http://www.w3.org/TR/xhtml1/DTD/xhtml1-transitional.dtd">
<html xmlns="http://www.w3.org/1999/xhtml" xml:lang="en" lang="en">
 <head>
  <title>
</title>
<meta http-equiv="Content-Type" content="text/html;charset=utf-8" />
  <meta name='ocr-system' content='tesseract 3.04.00' />
  <meta name='ocr-capabilities' content='ocr_page ocr_carea ocr_par ocr_line ocrx_word'/>
</head>
<body>
  <div class='ocr_page' id='page_1' title='image "./quintihoratiifl02goulgoog_0043.png"; bbox 0 0 2550 4225; ppageno 0'>
   <div class='ocr_carea' id='block_1_1' title="bbox 361 290 795 379">
    <p class='ocr_par' dir='ltr' id='par_1_1' title="bbox 361 290 795 379">
     <span class='ocr_line' id='line_1_1' title="bbox 361 290 795 379; baseline 0.009 -42"><span class='ocrx_word' id='word_1_1' title='bbox 361 340 366 348; x_wconf 79' lang='grc'><em>,</em></span> <span class='ocrx_word' id='word_1_2' title='bbox 460 292 491 347; x_wconf 79' lang='lat' dir='ltr'>o.</span> <span class='ocrx_word' id='word_1_3' title='bbox 509 290 655 379; x_wconf 72' lang='lat' dir='ltr'>noparn</span> <span class='ocrx_word' id='word_1_4' title='bbox 670 290 795 371; x_wconf 56' lang='grc' dir='ltr'>ωσι</span> 
     </span>
    </p>
   </div>
   <div class='ocr_carea' id='block_1_2' title="bbox 219 430 943 967">
    <p class='ocr_par' dir='ltr' id='par_1_2' title="bbox 331 430 734 505">
     <span class='ocr_line' id='line_1_2' title="bbox 331 430 734 505; baseline 0 -16"><span class='ocrx_word' id='word_1_5' title='bbox 331 431 474 505; x_wconf 67' lang='lat' dir='ltr'>spargent</span> <span class='ocrx_word' id='word_1_6' title='bbox 485 430 595 487; x_wconf 84' lang='lat' dir='ltr'>olivetis</span> <span class='ocrx_word' id='word_1_7' title='bbox 607 432 734 503; x_wconf 88' lang='lat' dir='ltr'>odorem,</span> 
     </span>
    </p>

    <p class='ocr_par' dir='ltr' id='par_1_3' title="bbox 219 506 943 720">
     <span class='ocr_line' id='line_1_3' title="bbox 372 506 943 588; baseline 0.002 -24"><span class='ocrx_word' id='word_1_8' title='bbox 372 506 524 564; x_wconf 81' lang='lat' dir='ltr'>Fertilibus</span> <span class='ocrx_word' id='word_1_9' title='bbox 537 508 654 565; x_wconf 88' lang='lat' dir='ltr'>domino</span> <span class='ocrx_word' id='word_1_10' title='bbox 664 508 766 583; x_wconf 82' lang='lat' dir='ltr'><strong>priori.</strong></span> <span class='ocrx_word' id='word_1_11' title='bbox 938 578 943 588; x_wconf 18' lang='grc' dir='ltr'><em>α</em></span> 
     </span>
     <span class='ocr_line' id='line_1_4' title="bbox 219 582 817 662; baseline 0.003 -21"><span class='ocrx_word' id='word_1_12' title='bbox 219 606 231 662; x_wconf 54' lang='lat' dir='ltr'><em>g</em></span> <span class='ocrx_word' id='word_1_13' title='bbox 293 582 372 641; x_wconf 84' lang='lat' dir='ltr'>Turn</span> <span class='ocrx_word' id='word_1_14' title='bbox 386 585 474 659; x_wconf 86' lang='lat' dir='ltr'>spissa</span> <span class='ocrx_word' id='word_1_15' title='bbox 488 585 573 641; x_wconf 88' lang='lat' dir='ltr'>ramis</span> <span class='ocrx_word' id='word_1_16' title='bbox 585 586 682 643; x_wconf 82' lang='lat' dir='ltr'>laurea</span> <span class='ocrx_word' id='word_1_17' title='bbox 696 586 817 643; x_wconf 84' lang='lat' dir='ltr'>fervidos</span> 
     </span>
     <span class='ocr_line' id='line_1_5' title="bbox 294 657 820 720; baseline 0.002 -1"><span class='ocrx_word' id='word_1_18' title='bbox 294 660 434 719; x_wconf 77' lang='lat' dir='ltr'>Excludet</span> <span class='ocrx_word' id='word_1_19' title='bbox 447 662 528 718; x_wconf 89' lang='lat' dir='ltr'>ictus.</span> <span class='ocrx_word' id='word_1_20' title='bbox 569 657 690 720; x_wconf 81' lang='lat' dir='ltr'>Non&#39;ita</span> <span class='ocrx_word' id='word_1_21' title='bbox 703 662 820 720; x_wconf 84' lang='lat' dir='ltr'>Romuli</span> 
     </span>
    </p>

    <p class='ocr_par' dir='ltr' id='par_1_4' title="bbox 331 736 821 813">
     <span class='ocr_line' id='line_1_6' title="bbox 331 736 821 813; baseline 0.004 -18"><span class='ocrx_word' id='word_1_22' title='bbox 331 736 528 813; x_wconf 69' lang='lat' dir='ltr'>Proscriptum</span> <span class='ocrx_word' id='word_1_23' title='bbox 541 750 570 796; x_wconf 90' lang='lat' dir='ltr'>et</span> <span class='ocrx_word' id='word_1_24' title='bbox 583 740 687 797; x_wconf 89' lang='lat' dir='ltr'>intonsi</span> <span class='ocrx_word' id='word_1_25' title='bbox 701 740 821 799; x_wconf 85' lang='lat' dir='ltr'>Catonis</span> 
     </span>
    </p>

    <p class='ocr_par' dir='ltr' id='par_1_5' title="bbox 293 815 842 967">
     <span class='ocr_line' id='line_1_7' title="bbox 371 815 842 893; baseline 0.002 -21"><span class='ocrx_word' id='word_1_26' title='bbox 371 815 526 891; x_wconf 82' lang='lat' dir='ltr'>Auspiciis,</span> <span class='ocrx_word' id='word_1_27' title='bbox 539 828 720 893; x_wconf 80' lang='lat' dir='ltr'>veterumque</span> <span class='ocrx_word' id='word_1_28' title='bbox 733 817 842 875; x_wconf 68' lang='lat' dir='ltr'>normi.</span> 
     </span>
     <span class='ocr_line' id='line_1_8' title="bbox 293 890 793 967; baseline 0.004 -18"><span class='ocrx_word' id='word_1_29' title='bbox 293 890 421 950; x_wconf 78' lang='lat' dir='ltr'>Privatus</span> <span class='ocrx_word' id='word_1_30' title='bbox 435 893 489 949; x_wconf 90' lang='lat' dir='ltr'>illis</span> <span class='ocrx_word' id='word_1_31' title='bbox 501 912 605 951; x_wconf 88' lang='lat' dir='ltr'>census</span> <span class='ocrx_word' id='word_1_32' title='bbox 616 900 679 953; x_wconf 77' lang='lat' dir='ltr'>¹‹rrat</span> <span class='ocrx_word' id='word_1_33' title='bbox 692 894 793 967; x_wconf 85' lang='lat' dir='ltr'>brevis,</span> 
     </span>
    </p>
   </div>
   <div class='ocr_carea' id='block_1_3' title="bbox 292 970 1043 1054">
    <p class='ocr_par' dir='ltr' id='par_1_6' title="bbox 292 970 1043 1054">
     <span class='ocr_line' id='line_1_9' title="bbox 292 970 1043 1054; baseline 0.013 -28"><span class='ocrx_word' id='word_1_34' title='bbox 292 970 451 1027; x_wconf 84' lang='lat' dir='ltr'><strong>Commune</strong></span> <span class='ocrx_word' id='word_1_35' title='bbox 464 990 620 1045; x_wconf 82' lang='lat' dir='ltr'>magnum:</span> <span class='ocrx_word' id='word_1_36' title='bbox 641 973 720 1030; x_wconf 86' lang='lat' dir='ltr'>nulla</span> <span class='ocrx_word' id='word_1_37' title='bbox 733 971 915 1049; x_wconf 81' lang='lat' dir='ltr'>decempedis</span> <span class='ocrx_word' id='word_1_38' title='bbox 947 994 952 1003; x_wconf 89' lang='grc'><em>·</em></span> <span class='ocrx_word' id='word_1_39' title='bbox 1037 1045 1043 1054; x_wconf 46' lang='grc'><em>,</em></span> 
     </span>
    </p>
   </div>
   <div class='ocr_carea' id='block_1_4' title="bbox 291 1046 815 1277">
    <p class='ocr_par' dir='ltr' id='par_1_7' title="bbox 291 1046 815 1277">
     <span class='ocr_line' id='line_1_10' title="bbox 331 1046 696 1125; baseline 0.008 -21"><span class='ocrx_word' id='word_1_40' title='bbox 331 1046 439 1105; x_wconf 69' lang='lat' dir='ltr'>Metita</span> <span class='ocrx_word' id='word_1_41' title='bbox 452 1049 565 1122; x_wconf 87' lang='lat' dir='ltr'>privatis</span> <span class='ocrx_word' id='word_1_42' title='bbox 577 1068 696 1125; x_wconf 87' lang='lat' dir='ltr'>opacam</span> 
     </span>
     <span class='ocr_line' id='line_1_11' title="bbox 370 1125 815 1199; baseline 0.011 -20"><span class='ocrx_word' id='word_1_43' title='bbox 370 1125 499 1181; x_wconf 83' lang='lat' dir='ltr'>Porticus</span> <span class='ocrx_word' id='word_1_44' title='bbox 511 1126 671 1199; x_wconf 73' lang='lat' dir='ltr'>excipiebat</span> <span class='ocrx_word' id='word_1_45' title='bbox 685 1126 795 1183; x_wconf 82' lang='lat' dir='ltr'>Arcton</span> <span class='ocrx_word' id='word_1_46' title='bbox 807 1147 815 1185; x_wconf 72' lang='grc' dir='ltr'><strong><em>ι</em></strong></span> 
     </span>
     <span class='ocr_line' id='line_1_12' title="bbox 291 1198 809 1277; baseline 0.002 -18"><span class='ocrx_word' id='word_1_47' title='bbox 291 1200 321 1259; x_wconf 93' lang='lat' dir='ltr'>N</span> <span class='ocrx_word' id='word_1_48' title='bbox 323 1198 513 1257; x_wconf 86' lang='lat' dir='ltr'>ec&#39;sortuitum</span> <span class='ocrx_word' id='word_1_49' title='bbox 527 1220 660 1277; x_wconf 86' lang='lat' dir='ltr'>spernere</span> <span class='ocrx_word' id='word_1_50' title='bbox 673 1204 809 1277; x_wconf 83' lang='lat' dir='ltr'>cespitem</span> 
     </span>
    </p>
   </div>
   <div class='ocr_carea' id='block_1_5' title="bbox 134 1276 780 1430">
    <p class='ocr_par' dir='ltr' id='par_1_8' title="bbox 134 1276 780 1430">
     <span class='ocr_line' id='line_1_13' title="bbox 134 1276 780 1355; baseline 0 -17"><span class='ocrx_word' id='word_1_51' title='bbox 134 1330 139 1338; x_wconf 96' lang='lat'><em>.</em></span> <span class='ocrx_word' id='word_1_52' title='bbox 197 1316 201 1345; x_wconf 86' lang='lat'>:</span> <span class='ocrx_word' id='word_1_53' title='bbox 290 1276 383 1351; x_wconf 87' lang='lat' dir='ltr'>Leges</span> <span class='ocrx_word' id='word_1_54' title='bbox 395 1278 535 1349; x_wconf 85' lang='lat' dir='ltr'>sinebant,</span> <span class='ocrx_word' id='word_1_55' title='bbox 549 1280 653 1355; x_wconf 85' lang='lat' dir='ltr'>oppida</span> <span class='ocrx_word' id='word_1_56' title='bbox 664 1280 780 1355; x_wconf 89' lang='lat' dir='ltr'>publico</span> 
     </span>
     <span class='ocr_line' id='line_1_14' title="bbox 176 1352 762 1430; baseline 0.002 -18"><span class='ocrx_word' id='word_1_57' title='bbox 176 1358 234 1407; x_wconf 87' lang='grc'><em>.“··“</em></span> <span class='ocrx_word' id='word_1_58' title='bbox 264 1391 265 1400; x_wconf 33' lang='lat'>¹</span> <span class='ocrx_word' id='word_1_59' title='bbox 330 1354 450 1430; x_wconf 82' lang='lat' dir='ltr'>Sumpta</span> <span class='ocrx_word' id='word_1_60' title='bbox 461 1354 594 1429; x_wconf 87' lang='lat' dir='ltr'>jubentes</span> <span class='ocrx_word' id='word_1_61' title='bbox 606 1352 635 1413; x_wconf 85' lang='lat' dir='ltr'>e&#39;t</span> <span class='ocrx_word' id='word_1_62' title='bbox 645 1358 762 1415; x_wconf 90' lang='lat' dir='ltr'>deorum</span> 
     </span>
    </p>
   </div>
   <div class='ocr_carea' id='block_1_6' title="bbox 367 1431 811 1532">
    <p class='ocr_par' dir='ltr' id='par_1_9' title="bbox 367 1431 811 1532">
     <span class='ocr_line' id='line_1_15' title="bbox 367 1431 811 1532; baseline 0.009 -43"><span class='ocrx_word' id='word_1_63' title='bbox 367 1431 490 1517; x_wconf 74' lang='lat' dir='ltr'>Templa</span> <span class='ocrx_word' id='word_1_64' title='bbox 503 1453 576 1493; x_wconf 82' lang='lat' dir='ltr'>novo</span> <span class='ocrx_word' id='word_1_65' title='bbox 588 1436 723 1532; x_wconf 70' lang='lat' dir='ltr'>decorare</span> <span class='ocrx_word' id='word_1_66' title='bbox 736 1452 811 1493; x_wconf 83' lang='lat' dir='ltr'>saxo.</span> 
     </span>
    </p>
   </div>
   <div class='ocr_carea' id='block_1_7' title="bbox 400 1719 734 1916">
    <p class='ocr_par' dir='ltr' id='par_1_10' title="bbox 400 1719 734 1916">
     <span class='ocr_line' id='line_1_16' title="bbox 400 1719 712 1802; baseline 0.003 -2"><span class='ocrx_word' id='word_1_67' title='bbox 400 1719 407 1729; x_wconf 83' lang='lat'>&#39;</span> <span class='ocrx_word' id='word_1_68' title='bbox 528 1744 612 1801; x_wconf 82' lang='lat' dir='ltr'>oon</span> <span class='ocrx_word' id='word_1_69' title='bbox 625 1743 712 1802; x_wconf 84' lang='lat' dir='ltr'>xm.</span> 
     </span>
     <span class='ocr_line' id='line_1_17' title="bbox 504 1875 734 1916; baseline 0.004 -1"><span class='ocrx_word' id='word_1_70' title='bbox 504 1875 544 1915; x_wconf 78' lang='grc' dir='ltr'>ΔΙ)</span> <span class='ocrx_word' id='word_1_71' title='bbox 565 1876 734 1916; x_wconf 70' lang='lat' dir='ltr'>GROSPBUH.</span> 
     </span>
    </p>
   </div>
   <div class='ocr_carea' id='block_1_8' title="bbox 283 1974 1019 3291">
    <p class='ocr_par' dir='ltr' id='par_1_11' title="bbox 287 1974 885 2051">
     <span class='ocr_line' id='line_1_18' title="bbox 287 1974 885 2051; baseline 0.002 -19"><span class='ocrx_word' id='word_1_72' title='bbox 287 1974 394 2033; x_wconf 80' lang='lat' dir='ltr'>Oriona</span> <span class='ocrx_word' id='word_1_73' title='bbox 407 1974 485 2033; x_wconf 69' lang='lat' dir='ltr'>dim</span> <span class='ocrx_word' id='word_1_74' title='bbox 497 1985 578 2051; x_wconf 83' lang='lat' dir='ltr'>roget</span> <span class='ocrx_word' id='word_1_75' title='bbox 590 1974 620 2031; x_wconf 91' lang='lat' dir='ltr'>in</span> <span class='ocrx_word' id='word_1_76' title='bbox 634 1974 744 2049; x_wconf 84' lang='lat' dir='ltr'>patenti</span> <span class='ocrx_word' id='word_1_77' title='bbox 876 2030 885 2046; x_wconf 77' lang='lat'>‚</span> 
     </span>
    </p>

    <p class='ocr_par' dir='ltr' id='par_1_12' title="bbox 288 2050 1019 2130">
     <span class='ocr_line' id='line_1_19' title="bbox 288 2050 1019 2130; baseline -0.004 -19"><span class='ocrx_word' id='word_1_78' title='bbox 288 2052 413 2130; x_wconf 76' lang='lat' dir='ltr'>Prensus</span> <span class='ocrx_word' id='word_1_79' title='bbox 427 2050 536 2128; x_wconf 80' lang='lat' dir='ltr'>AEgaeo,</span> <span class='ocrx_word' id='word_1_80' title='bbox 551 2052 633 2108; x_wconf 88' lang='lat' dir='ltr'>simul</span> <span class='ocrx_word' id='word_1_81' title='bbox 649 2062 709 2108; x_wconf 84' lang='lat' dir='ltr'>atra</span> <span class='ocrx_word' id='word_1_82' title='bbox 722 2053 813 2108; x_wconf 87' lang='lat' dir='ltr'>nubes</span> <span class='ocrx_word' id='word_1_83' title='bbox 901 2097 904 2108; x_wconf 93' lang='lat'>.</span> <span class='ocrx_word' id='word_1_84' title='bbox 1014 2054 1019 2063; x_wconf 91' lang='lat'>&#39;</span> 
     </span>
    </p>

    <p class='ocr_par' dir='ltr' id='par_1_13' title="bbox 288 2130 865 2266">
     <span class='ocr_line' id='line_1_20' title="bbox 288 2130 865 2206; baseline -0.002 -17"><span class='ocrx_word' id='word_1_85' title='bbox 288 2131 425 2189; x_wconf 89' lang='lat' dir='ltr'>Condidit</span> <span class='ocrx_word' id='word_1_86' title='bbox 437 2130 544 2202; x_wconf 87' lang='lat' dir='ltr'>lanarn,</span> <span class='ocrx_word' id='word_1_87' title='bbox 558 2149 651 2206; x_wconf 89' lang='lat' dir='ltr'>neque</span> <span class='ocrx_word' id='word_1_88' title='bbox 664 2142 743 2188; x_wconf 88' lang='lat' dir='ltr'>certa</span> <span class='ocrx_word' id='word_1_89' title='bbox 755 2131 865 2206; x_wconf 82' lang='lat' dir='ltr'>fulgent</span> 
     </span>
     <span class='ocr_line' id='line_1_21' title="bbox 483 2208 707 2266; baseline 0.004 -2"><span class='ocrx_word' id='word_1_90' title='bbox 483 2209 584 2266; x_wconf 85' lang='lat' dir='ltr'>Sidera</span> <span class='ocrx_word' id='word_1_91' title='bbox 597 2208 707 2266; x_wconf 85' lang='lat' dir='ltr'>nautis:</span> 
     </span>
    </p>

    <p class='ocr_par' dir='ltr' id='par_1_14' title="bbox 286 2285 732 2359">
     <span class='ocr_line' id='line_1_22' title="bbox 286 2285 732 2359; baseline 0 -15"><span class='ocrx_word' id='word_1_92' title='bbox 286 2285 387 2344; x_wconf 87' lang='lat' dir='ltr'>Otium</span> <span class='ocrx_word' id='word_1_93' title='bbox 401 2286 475 2344; x_wconf 94' lang='lat' dir='ltr'>bello</span> <span class='ocrx_word' id='word_1_94' title='bbox 488 2287 593 2344; x_wconf 84' lang='lat' dir='ltr'>furiosa</span> <span class='ocrx_word' id='word_1_95' title='bbox 606 2285 732 2359; x_wconf 86' lang='lat' dir='ltr'>Thrace,</span> 
     </span>
    </p>

    <p class='ocr_par' dir='ltr' id='par_1_15' title="bbox 286 2364 746 2440">
     <span class='ocr_line' id='line_1_23' title="bbox 286 2364 746 2440; baseline -0.004 -16"><span class='ocrx_word' id='word_1_96' title='bbox 286 2364 387 2424; x_wconf 89' lang='lat' dir='ltr'>Otium</span> <span class='ocrx_word' id='word_1_97' title='bbox 402 2364 481 2422; x_wconf 88' lang='lat' dir='ltr'>Medi</span> <span class='ocrx_word' id='word_1_98' title='bbox 494 2365 627 2440; x_wconf 70' lang='lat' dir='ltr'>pharetris</span> <span class='ocrx_word' id='word_1_99' title='bbox 640 2365 746 2437; x_wconf 88' lang='lat' dir='ltr'>decori,</span> 
     </span>
    </p>

    <p class='ocr_par' dir='ltr' id='par_1_16' title="bbox 286 2439 995 2596">
     <span class='ocr_line' id='line_1_24' title="bbox 286 2439 995 2527; baseline 0 -26"><span class='ocrx_word' id='word_1_100' title='bbox 286 2443 426 2519; x_wconf 88' lang='lat' dir='ltr'>Grospbe,</span> <span class='ocrx_word' id='word_1_101' title='bbox 439 2463 497 2502; x_wconf 89' lang='lat' dir='ltr'>non</span> <span class='ocrx_word' id='word_1_102' title='bbox 511 2444 642 2519; x_wconf 87' lang='lat' dir='ltr'>gemmis,</span> <span class='ocrx_word' id='word_1_103' title='bbox 655 2462 748 2519; x_wconf 90' lang='lat' dir='ltr'>neque</span> <span class='ocrx_word' id='word_1_104' title='bbox 760 2439 885 2520; x_wconf 73' lang='lat' dir='ltr'>purpuri</span> <span class='ocrx_word' id='word_1_105' title='bbox 896 2459 942 2501; x_wconf 78' lang='lat' dir='ltr'>ro·</span> <span class='ocrx_word' id='word_1_106' title='bbox 990 2517 995 2527; x_wconf 29' lang='grc' dir='ltr'>ι</span> 
     </span>
     <span class='ocr_line' id='line_1_25' title="bbox 483 2521 757 2596; baseline 0 -17"><span class='ocrx_word' id='word_1_107' title='bbox 483 2521 559 2594; x_wconf 89' lang='lat' dir='ltr'>nale,</span> <span class='ocrx_word' id='word_1_108' title='bbox 574 2541 667 2596; x_wconf 87' lang='lat' dir='ltr'>neque</span> <span class='ocrx_word' id='word_1_109' title='bbox 681 2541 757 2580; x_wconf 88' lang='lat' dir='ltr'>auro.</span> 
     </span>
    </p>

    <p class='ocr_par' dir='ltr' id='par_1_17' title="bbox 287 2598 825 2674">
     <span class='ocr_line' id='line_1_26' title="bbox 287 2598 825 2674; baseline -0.004 -18"><span class='ocrx_word' id='word_1_110' title='bbox 287 2598 355 2656; x_wconf 91' lang='lat' dir='ltr'>Non</span> <span class='ocrx_word' id='word_1_111' title='bbox 369 2601 446 2658; x_wconf 67' lang='lat' dir='ltr'>enin</span> <span class='ocrx_word' id='word_1_112' title='bbox 459 2618 550 2674; x_wconf 73' lang='lat' dir='ltr'>gazae,</span> <span class='ocrx_word' id='word_1_113' title='bbox 564 2618 655 2672; x_wconf 88' lang='lat' dir='ltr'>neque</span> <span class='ocrx_word' id='word_1_114' title='bbox 668 2599 825 2656; x_wconf 89' lang='lat' dir='ltr'>consularis</span> 
     </span>
    </p>

    <p class='ocr_par' dir='ltr' id='par_1_18' title="bbox 288 2670 828 2734">
     <span class='ocr_line' id='line_1_27' title="bbox 288 2670 828 2734; baseline -0.004 -2"><span class='ocrx_word' id='word_1_115' title='bbox 288 2670 454 2734; x_wconf 82' lang='lat' dir='ltr'>Sunimovet</span> <span class='ocrx_word' id='word_1_116' title='bbox 465 2676 546 2733; x_wconf 90' lang='lat' dir='ltr'>lictor</span> <span class='ocrx_word' id='word_1_117' title='bbox 559 2677 677 2732; x_wconf 86' lang='lat' dir='ltr'>miseros</span> <span class='ocrx_word' id='word_1_118' title='bbox 691 2675 828 2730; x_wconf 90' lang='lat' dir='ltr'>tumultus</span> 
     </span>
    </p>

    <p class='ocr_par' dir='ltr' id='par_1_19' title="bbox 287 2751 804 2886">
     <span class='ocr_line' id='line_1_28' title="bbox 287 2751 804 2825; baseline -0.008 -15"><span class='ocrx_word' id='word_1_119' title='bbox 287 2753 403 2825; x_wconf 82' lang='lat' dir='ltr'>Mentis,</span> <span class='ocrx_word' id='word_1_120' title='bbox 417 2764 447 2810; x_wconf 88' lang='lat' dir='ltr'>et</span> <span class='ocrx_word' id='word_1_121' title='bbox 459 2771 542 2808; x_wconf 88' lang='lat' dir='ltr'>curas</span> <span class='ocrx_word' id='word_1_122' title='bbox 555 2751 683 2825; x_wconf 85' lang='lat' dir='ltr'>laqueata</span> <span class='ocrx_word' id='word_1_123' title='bbox 695 2752 804 2808; x_wconf 88' lang='lat' dir='ltr'>circum</span> 
     </span>
     <span class='ocr_line' id='line_1_29' title="bbox 482 2827 722 2886; baseline 0.004 -2"><span class='ocrx_word' id='word_1_124' title='bbox 482 2827 575 2886; x_wconf 81' lang='lat' dir='ltr'>Tecta</span> <span class='ocrx_word' id='word_1_125' title='bbox 589 2828 722 2886; x_wconf 84' lang='lat' dir='ltr'>volantes.</span> 
     </span>
    </p>

    <p class='ocr_par' dir='ltr' id='par_1_20' title="bbox 287 2905 815 2982">
     <span class='ocr_line' id='line_1_30' title="bbox 287 2905 815 2982; baseline 0.002 -20"><span class='ocrx_word' id='word_1_126' title='bbox 287 2907 397 2963; x_wconf 87' lang='lat' dir='ltr'>Vivitur</span> <span class='ocrx_word' id='word_1_127' title='bbox 410 2925 495 2982; x_wconf 86' lang='lat' dir='ltr'>parvo</span> <span class='ocrx_word' id='word_1_128' title='bbox 509 2906 592 2977; x_wconf 87' lang='lat' dir='ltr'>bene,</span> <span class='ocrx_word' id='word_1_129' title='bbox 606 2905 654 2962; x_wconf 92' lang='lat' dir='ltr'>cui</span> <span class='ocrx_word' id='word_1_130' title='bbox 668 2917 815 2980; x_wconf 89' lang='lat' dir='ltr'>paternum</span> 
     </span>
    </p>

    <p class='ocr_par' dir='ltr' id='par_1_21' title="bbox 286 2983 823 3044">
     <span class='ocr_line' id='line_1_31' title="bbox 286 2983 823 3044; baseline 0 -3"><span class='ocrx_word' id='word_1_131' title='bbox 286 2985 308 3041; x_wconf 87' lang='lat' dir='ltr'>S</span> <span class='ocrx_word' id='word_1_132' title='bbox 327 2983 423 3042; x_wconf 90' lang='lat' dir='ltr'>lendet</span> <span class='ocrx_word' id='word_1_133' title='bbox 436 2984 465 3040; x_wconf 87' lang='lat' dir='ltr'>irr</span> <span class='ocrx_word' id='word_1_134' title='bbox 479 2984 578 3044; x_wconf 70' lang='lat' dir='ltr'>mensi</span> <span class='ocrx_word' id='word_1_135' title='bbox 592 2984 671 3042; x_wconf 87' lang='lat' dir='ltr'>tenui</span> <span class='ocrx_word' id='word_1_136' title='bbox 685 2985 823 3043; x_wconf 88' lang='lat' dir='ltr'>salinum:</span> 
     </span>
    </p>

    <p class='ocr_par' dir='ltr' id='par_1_22' title="bbox 286 3004 844 3198">
     <span class='ocr_line' id='line_1_32' title="bbox 286 3004 844 3137; baseline 0.002 -19"><span class='ocrx_word' id='word_1_137' title='bbox 286 3004 353 3119; x_wconf 54' lang='lat' dir='ltr'>blec</span> <span class='ocrx_word' id='word_1_138' title='bbox 365 3062 441 3120; x_wconf 86' lang='lat' dir='ltr'>leves</span> <span class='ocrx_word' id='word_1_139' title='bbox 454 3080 569 3122; x_wconf 84' lang='lat' dir='ltr'>somnos</span> <span class='ocrx_word' id='word_1_140' title='bbox 582 3063 665 3119; x_wconf 85' lang='lat' dir='ltr'>timor</span> <span class='ocrx_word' id='word_1_141' title='bbox 678 3074 727 3119; x_wconf 89' lang='lat' dir='ltr'>aut</span> <span class='ocrx_word' id='word_1_142' title='bbox 740 3062 844 3137; x_wconf 90' lang='lat' dir='ltr'>cupido</span> 
     </span>
     <span class='ocr_line' id='line_1_33' title="bbox 482 3139 734 3198; baseline -0.004 -1"><span class='ocrx_word' id='word_1_143' title='bbox 482 3139 620 3198; x_wconf 85' lang='lat' dir='ltr'>Sordidus</span> <span class='ocrx_word' id='word_1_144' title='bbox 633 3139 734 3196; x_wconf 78' lang='lat' dir='ltr'>aufert</span> 
     </span>
    </p>

    <p class='ocr_par' dir='ltr' id='par_1_23' title="bbox 283 3211 797 3291">
     <span class='ocr_line' id='line_1_34' title="bbox 283 3211 797 3291; baseline -0.008 -13"><span class='ocrx_word' id='word_1_145' title='bbox 283 3211 365 3278; x_wconf 77' lang='lat' dir='ltr'>Quid</span> <span class='ocrx_word' id='word_1_146' title='bbox 380 3218 457 3275; x_wconf 88' lang='lat' dir='ltr'>brevi</span> <span class='ocrx_word' id='word_1_147' title='bbox 471 3218 556 3274; x_wconf 84' lang='lat' dir='ltr'>sortes</span> <span class='ocrx_word' id='word_1_148' title='bbox 566 3217 725 3291; x_wconf 86' lang='lat' dir='ltr'>jaculamur</span> <span class='ocrx_word' id='word_1_149' title='bbox 738 3236 797 3274; x_wconf 73' lang='lat' dir='ltr'>sevo</span> 
     </span>
    </p>
   </div>
   <div class='ocr_carea' id='block_1_9' title="bbox 285 3292 828 3356">
    <p class='ocr_par' dir='ltr' id='par_1_24' title="bbox 285 3292 828 3356">
     <span class='ocr_line' id='line_1_35' title="bbox 285 3292 828 3356; baseline 0.004 -6"><span class='ocrx_word' id='word_1_150' title='bbox 285 3292 398 3351; x_wconf 80' lang='lat' dir='ltr'>Multat</span> <span class='ocrx_word' id='word_1_151' title='bbox 437 3293 518 3356; x_wconf 79' lang='lat' dir='ltr'>Quid</span> <span class='ocrx_word' id='word_1_152' title='bbox 532 3305 621 3351; x_wconf 80' lang='lat' dir='ltr'>terras</span> <span class='ocrx_word' id='word_1_153' title='bbox 634 3294 828 3352; x_wconf 80' lang='lat' dir='ltr'>diocalentes</span> 
     </span>
    </p>
   </div>
   <div class='ocr_carea' id='block_1_10' title="bbox 284 3371 866 3817">
    <p class='ocr_par' dir='ltr' id='par_1_25' title="bbox 285 3371 866 3526">
     <span class='ocr_line' id='line_1_36' title="bbox 285 3371 866 3448; baseline 0.002 -18"><span class='ocrx_word' id='word_1_154' title='bbox 285 3371 354 3430; x_wconf 85' lang='lat' dir='ltr'>Sole</span> <span class='ocrx_word' id='word_1_155' title='bbox 365 3373 526 3430; x_wconf 81' lang='lat' dir='ltr'>mutamusl</span> <span class='ocrx_word' id='word_1_156' title='bbox 566 3372 668 3429; x_wconf 73' lang='lat' dir='ltr'>Patriae</span> <span class='ocrx_word' id='word_1_157' title='bbox 680 3373 744 3448; x_wconf 88' lang='lat' dir='ltr'>quis</span> <span class='ocrx_word' id='word_1_158' title='bbox 756 3372 835 3432; x_wconf 79' lang='lat' dir='ltr'>exsul</span> <span class='ocrx_word' id='word_1_159' title='bbox 862 3373 866 3380; x_wconf 81' lang='grc'><em>“</em></span> 
     </span>
     <span class='ocr_line' id='line_1_37' title="bbox 481 3451 748 3526; baseline 0 -18"><span class='ocrx_word' id='word_1_160' title='bbox 481 3451 519 3508; x_wconf 87' lang='lat' dir='ltr'>Se</span> <span class='ocrx_word' id='word_1_161' title='bbox 532 3469 643 3525; x_wconf 89' lang='lat' dir='ltr'>quoque</span> <span class='ocrx_word' id='word_1_162' title='bbox 656 3451 748 3526; x_wconf 76' lang='lat' dir='ltr'>sagitt</span> 
     </span>
    </p>

    <p class='ocr_par' dir='ltr' id='par_1_26' title="bbox 285 3526 727 3586">
     <span class='ocr_line' id='line_1_38' title="bbox 285 3526 727 3586; baseline 0 -2"><span class='ocrx_word' id='word_1_163' title='bbox 285 3526 406 3584; x_wconf 83' lang='lat' dir='ltr'>Scaudit</span> <span class='ocrx_word' id='word_1_164' title='bbox 418 3537 516 3584; x_wconf 84' lang='lat' dir='ltr'>aeratas</span> <span class='ocrx_word' id='word_1_165' title='bbox 529 3528 628 3585; x_wconf 85' lang='lat' dir='ltr'>vitiosa</span> <span class='ocrx_word' id='word_1_166' title='bbox 641 3547 727 3586; x_wconf 86' lang='lat' dir='ltr'>naves</span> 
     </span>
    </p>

    <p class='ocr_par' dir='ltr' id='par_1_27' title="bbox 284 3603 866 3680">
     <span class='ocr_line' id='line_1_39' title="bbox 284 3603 866 3680; baseline 0 -20"><span class='ocrx_word' id='word_1_167' title='bbox 284 3604 378 3673; x_wconf 79' lang='lat' dir='ltr'>Cura3</span> <span class='ocrx_word' id='word_1_168' title='bbox 399 3623 454 3662; x_wconf 90' lang='lat' dir='ltr'>nec</span> <span class='ocrx_word' id='word_1_169' title='bbox 467 3616 574 3662; x_wconf 83' lang='lat' dir='ltr'>turmas</span> <span class='ocrx_word' id='word_1_170' title='bbox 586 3605 712 3680; x_wconf 88' lang='lat' dir='ltr'>equitum</span> <span class='ocrx_word' id='word_1_171' title='bbox 725 3603 866 3679; x_wconf 87' lang='lat' dir='ltr'>relinquit,</span> 
     </span>
    </p>

    <p class='ocr_par' dir='ltr' id='par_1_28' title="bbox 284 3679 770 3817">
     <span class='ocr_line' id='line_1_40' title="bbox 284 3679 770 3757; baseline 0.004 -19"><span class='ocrx_word' id='word_1_172' title='bbox 284 3679 373 3740; x_wconf 86' lang='lat' dir='ltr'>Ocior</span> <span class='ocrx_word' id='word_1_173' title='bbox 387 3685 487 3754; x_wconf 87' lang='lat' dir='ltr'>cervis,</span> <span class='ocrx_word' id='word_1_174' title='bbox 501 3694 530 3739; x_wconf 91' lang='lat' dir='ltr'>et</span> <span class='ocrx_word' id='word_1_175' title='bbox 544 3694 646 3757; x_wconf 85' lang='lat' dir='ltr'>agente</span> <span class='ocrx_word' id='word_1_176' title='bbox 658 3683 770 3740; x_wconf 89' lang='lat' dir='ltr'>nimbos</span> 
     </span>
     <span class='ocr_line' id='line_1_41' title="bbox 480 3758 668 3817; baseline 0 -3"><span class='ocrx_word' id='word_1_177' title='bbox 480 3758 567 3817; x_wconf 89' lang='lat' dir='ltr'>Ocior</span> <span class='ocrx_word' id='word_1_178' title='bbox 581 3759 668 3816; x_wconf 90' lang='lat' dir='ltr'>Euro.</span> 
     </span>
    </p>
   </div>
   <div class='ocr_carea' id='block_1_11' title="bbox 0 0 1280 4225">
    <p class='ocr_par' dir='ltr' id='par_1_29' title="bbox 0 0 1280 4225">
     <span class='ocr_line' id='line_1_42' title="bbox 0 0 1280 4225; baseline 0 0"><span class='ocrx_word' id='word_1_179' title='bbox 0 0 1280 4225; x_wconf 95' lang='lat' dir='ltr'> </span> 
     </span>
    </p>
   </div>
  </div>
 </body>
</html>
