2550 4225
427 306 631 363 seminabunt
648 306 712 360 UB-
730 309 751 359 1.
769 310 793 357 t.
1037 259 1122 369 m·

157 450 287 507 Setosam
301 446 364 503 levi
379 446 498 504 bonnm
513 458 672 521 turpaverat
682 448 747 505 orn.

157 526 338 600 Campanum
352 524 382 580 in
396 524 533 595 morbum,
549 524 579 583 iu
593 523 694 585 ficiem
706 526 845 598 permulta
855 527 980 600 jocatus,

157 604 302 661 Pastorem
316 601 430 659 saltaret
443 598 484 657 uti
498 601 624 676 Cyclopa
636 603 769 676 rogabat:

158 680 210 745 Nil
224 679 264 737 illi
278 679 355 735 larvtl
369 689 417 735 aut
430 678 545 753 tragicis
558 696 630 752 opus
643 697 706 734 esse
719 679 872 736 cothurnis.

159 756 254 815 Multa
262 755 394 821 <Cicirrus
407 756 443 817 ed
457 756 534 815 bec:
556 756 692 813 dondsset
702 756 800 832 jumne
809 765 942 815 omnam
1057 756 1096 816 ct

160 834 206 892 Ex
219 844 282 891 voto
295 832 425 904 Laribus,
439 833 600 907 quaerebat:
622 832 716 893 scriba
728 830 806 907 quiid
816 842 904 904 esst,

159 911 293 969 Deterius
299 909 529 970 statumine
541 910 587 985 jus
601 929 670 966 esse.
712 908 845 983 Rogabat

159 989 292 1063 Denique
305 1006 356 1044 cur
369 1005 494 1061 unqmm
508 987 634 1061 fugisset,
648 988 697 1043 cui
708 984 779 1043 satis
791 1004 850 1044 uns

160 1066 256 1123 Farris
269 1065 341 1123 libra
354 1064 434 1135 foret,
446 1063 547 1139 gracili
561 1064 603 1123 sic
616 1075 729 1137 tamque
741 1063 852 1139 pusillo.

162 1143 279 1202 Pronus
290 1140 418 1217 jucunde
433 1160 544 1205 cranam
557 1142 739 1217 produximus
752 1141 837 1197 illam.
1060 1143 1098 1198 70

200 1220 362 1277 Tendimus
375 1219 442 1283 lriuc
456 1220 533 1279 recti
548 1218 752 1290 Beneventum,
766 1218 816 1275 ubi
829 1218 945 1277 sedulus
958 1218 1059 1293 boma

161 1295 239 1355 Pane
254 1297 331 1369 arsit,
344 1314 455 1362 macros
468 1297 536 1355 dum
549 1297 647 1353 turdos
660 1307 752 1354 versat
764 1296 795 1353 iu
808 1296 894 1371 igne:

161 1374 191 1431 N
193 1394 238 1431 am
253 1394 327 1450 vaga
339 1393 389 1449 per
403 1384 525 1431 ueterem
539 1373 648 1449 dilapso
660 1372 774 1432 flamma
785 1373 910 1451 cubnarn

160 1452 292 1510 Vulcano
305 1470 447 1509 summum
460 1452 628 1527 properabat
640 1451 764 1509 lambere
776 1461 893 1510 tectum

162 1530 301 1587 Convivas
316 1526 411 1589 avidus
425 1546 538 1587 coeuam
552 1546 706 1602 servosque¹
714 1528 847 1588 timentes
1059 1530 1098 1585 75

162 1606 240 1663 Tum
254 1616 460 1681 ruperuntque
473 1624 571 1665 omues
585 1606 759 1680 restinguere
773 1606 849 1663 velle-
857 1606 973 1664 videres

201 1682 306 1758 Incipit
319 1702 355 1739 eu
368 1684 415 1739 illc
429 1692 538 1739 montes
549 1682 656 1757 Apulia
667 1692 749 1739 notos

161 1762 313 1837 Ostentare
327 1760 405 1829 mihi,
419 1770 590 1833 ¹quos-torret
604 1760 755 1831 Atabulus,
768 1771 799 1816 et
809 1778 880 1834 quus

161 1839 315 1913 Nunquam
329 1855 502 1912 erepsemus,
516 1837 571 1893 nisi
586 1856 638 1894 nos
651 1837 744 1893 vicina
757 1836 866 1897 Triuici

163 1916 236 1973 Villa
249 1915 411 1989 recepisset,
424 1914 581 1988 lacrymoso
596 1934 654 1973 non
667 1916 729 1971 sine
739 1915 826 1984 fumo,

162 1993 240 2053 Udcs
253 2011 321 2059 Qum,
332 1991 405 2057 saliis
418 2010 510 2049 ramos
524 2002 624 2054 urente
637 1992 758 2050 cautino.
879 2004 882 2011 ‘

199 2070 331 2131 Quatuor
345 2068 412 2132 hinc
423 2070 548 2145 rapimur
561 2069 660 2146 viginti
674 2080 703 2131 et
713 2070 804 2132 millia
816 2070 922 2142 rhedis,

163 2148 291 2206 Mansuri
304 2147 437 2222 oppidulo
448 2147 524 2220 quod
537 2166 619 2204 versu
633 2149 728 2205 dicere
741 2168 799 2206 non
812 2160 866 2220 est,

161 2226 259 2301 Signis
272 2223 405 2300 perfacile
418 2235 477 2282 est:
498 2225 574 2283 venit
587 2225 722 2286 vilissima
733 2241 828 2284 rerum

163 2302 222 2359 Hic
236 2321 324 2376 aqua3
346 2303 395 2361 sed
408 2302 489 2375 penis
502 2299 587 2375 longe
602 2302 818 2376 pulcherrimus,
832 2300 905 2361 ultria

163 2379 292 2448 Callidus
305 2378 437 2440 tut-soleat
451 2378 576 2434 humeris
588 2389 700 2452 portare
712 2379 799 2436 viator
811 2399 818 2434 ε

163 2457 240 2514 Nam
254 2455 361 2513 Canusi
374 2455 527 2530 lapidosus,
542 2473 621 2528 aquae
635 2473 693 2511 nnn
706 2455 789 2512 ditior
802 2473 890 2521 urue3
910 2506 912 2511 ,
977 2465 981 2468 ’

162 2534 224 2595 Qui
238 2535 348 2598 lacuna
362 2533 425 2590 forti
438 2533 577 2592 Diomede
591 2543 634 2590 est
647 2532 778 2590 conditus
790 2533 874 2596 olim?

164 2611 313 2668 Flentibus
326 2609 374 2666 bic
388 2611 491 2674 Varius
505 2610 626 2667 discedit
640 2620 760 2674 moestus
769 2610 876 2668 amicis.
907 2649 913 2658 -

203 2686 277 2744 Indd
291 2673 393 2752 Rubos
406 2687 472 2744 fessi
485 2688 672 2762 pervenimus,
686 2699 781 2762 utpote
794 2689 910 2762 longum

164 2766 321 2841 Carpsutes
334 2765 439 2837 itet,et
451 2765 557 2823 factum
571 2766 728 2840 corruptius
742 2765 833 2823 imbri.

165 2843 283 2902 Postera
294 2853 444 2916 tempestas
457 2843 570 2910 melior;
591 2843 636 2899 via
648 2843 726 2916 pejor
739 2844 774 2900 ad
788 2861 877 2918 usque

166 2919 232 2984 Bari
247 2921 351 2986 muenia
363 2920 475 2994 piscosi.
516 2919 629 2975 Dehinc
642 2920 759 2991 Gnatia,
770 2921 892 2995 lymphis

167 2997 249 3056 Iratis
262 3007 414 3068 exstructa,
427 2996 506 3054 dedit
518 2997 647 3069 risusque
657 2995 811 3070 jocosque3

166 3076 253 3148 Dum,
268 3074 382 3132 flammi
395 3074 466 3143 sine,
481 3073 563 3132 thura
576 3072 731 3146 liquescere
744 3075 843 3133 limine
857 3083 937 3132 sacro
973 3106 976 3110 Δ

166 3153 340 3211 Persuadere
354 3153 447 3228 cupit:
469 3151 566 3211 credat
578 3149 596 3206 J
598 3150 697 3206 udteus
710 3150 821 3226 Apella,
966 3209 972 3215 ,

165 3230 233 3288 Non
247 3249 318 3306 ego;
340 3247 460 3303 namque
475 3229 542 3286 deos
556 3227 645 3287 didici
658 3245 791 3287 securum
804 3235 891 3305 agere*
902 3245 1012 3296 evum-3

165 3307 240 3380 Nec,
255 3308 280 3364 si
292 3307 359 3382 quid
373 3307 437 3364 miri
451 3307 535 3366 faciat
548 3316 659 3376 natura,
672 3306 741 3362 deos
755 3305 784 3363 id

166 3384 278 3442 Tristes
291 3403 327 3442 ex
340 3384 396 3442 alto
408 3384 474 3442 coeli
487 3383 634 3440 demittere
648 3393 732 3440 tecto.

166 3461 466 3536 Brundusiumlcngae
478 3461 543 3524 linis
556 3462 716 3533 chartnque
728 3459 849 3533 visque.
