2550 4225
458 267 488 320 Q.
507 266 650 313 HORATII
667 267 789 315 FLACCI

332 403 456 473 Tellure,
471 406 605 461 victorum
619 416 735 479 nepotes

364 480 480 553 rRetulit
494 482 607 538 inferias
620 482 638 536 J
641 484 775 555 ugurthae.

291 557 367 616 Quis
381 558 560 627 non„Latino
574 560 710 631 sanguine
724 559 863 633 pinguior,

293 633 418 707 Campus
431 636 565 707 sepulcris
579 636 662 708 impia
676 635 774 709 proelia

331 710 473 780 Testatur,
488 713 668 784 auditumque
682 711 777 768 Medis

370 787 515 860 Hesperiae
529 789 649 843 sonitum
664 789 775 849 ruinarl

290 863 351 922 Qui
364 882 476 937 gurges,
491 875 539 919 aut
551 884 612 938 quae
626 864 742 921 flumina
754 865 879 940 lugubris

290 939 394 1013 Ignara
409 940 492 995 tellit
512 943 585 1013 quod
600 960 676 997 mare
688 942 808 999 Dauniae

329 1016 396 1071 Non
410 1017 605 1073 decoloravere
619 1020 732 1074 caedesl

366 1092 441 1151 Quae
455 1106 532 1149 caret
545 1114 593 1149 ora
606 1113 706 1148 cruore
717 1098 831 1151 nostrol

290 1168 347 1223 Sed
361 1186 408 1237 ne,
422 1168 535 1239 relictio,
551 1170 634 1225 Musa
647 1188 759 1243 procax,
771 1172 852 1245 jocis,

291 1244 357 1299 Ceae
370 1255 502 1301 retractes
516 1266 633 1302 munera
646 1244 676 1301 N
678 1248 772 1302 aeniae:

329 1319 445 1377 Mecum
459 1323 577 1379 Dionaeo
604 1324 657 1377 sub
670 1336 749 1381 antro

371 1399 477 1459 Quaere
492 1401 588 1456 modos
601 1401 704 1455 leviore
716 1400 830 1475 plectro.

375 1840 379 1851 '
426 1842 465 1879 An
479 1840 608 1878 CRISPUM
622 1840 813 1879 SALLUSTIUM.

327 1940 356 1995 N
359 1958 448 1997 uncus
463 1947 577 2013 argento
591 1938 666 1995 color
680 1949 723 1995 est
736 1940 825 1995 avaris

328 2016 433 2071 Abdito
444 2016 533 2085 terris,
549 2016 663 2071 inimice
677 2017 778 2071 lamnae

327 2092 426 2168 Crispe
441 2092 563 2162 Sallusti,
578 2092 630 2148 nisi
645 2103 798 2168 temperato

522 2171 675 2244 Splendeat
688 2191 749 2228 usu.

326 2247 410 2303 Vivet
422 2245 535 2304 extenti)
550 2248 712 2304 Proculeius
726 2268 794 2319 aevo,

327 2323 421 2381 Notus
435 2325 463 2380 in
479 2324 575 2380 fratres
590 2326 677 2381 animi
689 2327 814 2400 paterni:
904 2373 906 2379 .

330 2400 414 2457 Illum
429 2413 492 2476 aget
505 2403 600 2476 penna
614 2414 758 2460 metuente
772 2404 839 2460 solvi

522 2479 611 2534 Fama
624 2494 772 2554 superstes.

328 2555 426 2613 Latius
439 2575 540 2630 regnes
554 2557 665 2612 avidum
681 2558 821 2613 domando

328 2633 471 2706 Spiritum,
486 2631 569 2705 quam
584 2634 606 2688 si
621 2633 739 2704 Libyam
753 2635 867 2689 remotis

326 2710 453 2765 Gadibus
463 2709 575 2783 jungaS,
589 2725 617 2764 et
631 2718 746 2781 uterque
759 2708 864 2767 Poenus

450 2802 452 2818 ¹
522 2786 630 2841 Serviat
644 2786 702 2842 uni.

327 2864 437 2920 Crescit
450 2862 599 2936 indulgens
613 2864 666 2919 sibi
680 2865 757 2920 dirus
768 2865 905 2940 hydrops,

326 2939 390 2996 Nec
404 2941 477 2998 sitim
491 2940 579 3014 pellit,
594 2941 648 2997 nisi
663 2961 749 2999 causa
762 2942 852 3000 morbi

327 3017 444 3093 Fugerit
457 3018 545 3088 verris,
560 3030 588 3075 et
602 3039 722 3092 aquosus
736 3021 799 3077 albo

523 3097 647 3170 Corpore
661 3097 788 3170 languor.

328 3174 483 3231 Redditum
498 3173 566 3246 Cyri
580 3174 649 3228 solio
664 3174 813 3242 Phraaten,

326 3250 473 3307 Dissidens
487 3250 570 3326 plebi,
584 3269 702 3306 numero
715 3251 859 3306 beatorum

233 3347 242 3353 ·
327 3328 433 3385 Eximit
447 3330 560 3394 Virtus;
581 3329 770 3401 populumque
784 3327 860 3386 falsis

522 3405 650 3462 Dedecet
663 3405 704 3460 uti

326 3483 452 3538 Vocibus
461 3503 467 3550 ;
489 3501 607 3556 regnum
621 3494 650 3538 et
667 3481 801 3537 diadema
810 3491 901 3539 tutum

328 3560 465 3616 Deferens
479 3561 538 3630 uni,
552 3560 745 3634 propriamque
756 3559 875 3629 laurum,

327 3637 466 3712 Quisquis
480 3638 609 3714 ingentes
622 3637 705 3694 oculo
718 3636 845 3694 irretortn
927 3687 930 3692 .

525 3715 640 3788 Spectat
654 3733 775 3771 acervos.
809 3715 815 3719 ’
