2550 4225
439 318 635 368 CARMINUM
655 322 719 376 ΜΒ.
737 324 783 370 lv.

314 460 452 533 Auguste,
468 440 583 515 virtutes
597 460 626 513 iu
641 479 729 515 rerum

351 534 405 591 Per
419 536 513 611 titulos
527 554 722 609 memoresque
735 538 820 594 fastos

274 612 426 668 AEtemetl
446 632 473 682 o,
488 613 543 685 quel
558 614 598 669 sol
613 614 780 669 habitabiles

275 688 400 745 Illustrat
413 708 484 759 oras,
500 690 622 745 maxime
636 690 806 764 principum,

313 766 410 825 Quem
424 767 494 839 legis
507 777 638 839 expertes
652 767 762 823 Latinae

352 842 496 899 Vindelici
510 843 636 899 didicere
652 863 741 918 nuper

273 920 354 980 Quid
369 919 461 975 Marte
475 939 580 995 posses.
610 930 612 933 '
625 920 717 977 Milite
731 940 797 977 nam
810 934 861 979 tuo

274 996 384 1053 Drusus
397 998 561 1068 Genaunes,
576 998 758 1071 implacidum
771 1018 871 1073 genus,

315 1074 496 1146 Breunosque
512 1075 631 1145 veloces
646 1087 675 1131 et
688 1094 767 1132 arces

354 1151 473 1225 Alpibus
487 1152 629 1225 impositus
643 1154 806 1223 tremendiS,

277 1228 388 1301 Dejecit
402 1246 466 1283 acer
479 1226 543 1302 plus
558 1227 618 1285 vioe
633 1230 763 1303 simplici.

278 1304 369 1379 Major
384 1304 530 1361 Neronum
545 1325 609 1361 mou
623 1325 708 1381 grave
721 1308 850 1381 proelium

287 1436 290 1441 ,
316 1382 472 1449 Commisit,
487 1382 679 1455 immunesque
694 1384 812 1439 unetos

355 1459 498 1532 Auspiciis
512 1461 619 1531 pepulit
633 1462 786 1518 secundis:

277 1536 464 1611 Spectandae,
476 1536 504 1590 iu
520 1536 674 1592 certamine
688 1536 800 1605 Martio,

278 1613 385 1669 Derota
398 1614 480 1670 morti
495 1623 608 1685 pectora
621 1613 716 1668 liberae

315 1690 441 1750 Quantis
455 1690 583 1763 fatigaret
597 1690 695 1759 ruiniS,

355 1766 511 1823 Indomitas
524 1764 618 1840 propri
627 1768 717 1841 qualis
730 1770 821 1824 undas

277 1845 398 1901 Exercet
412 1845 525 1914 Auster,
540 1844 687 1900 Pleiadum
701 1847 788 1901 choro

277 1922 433 1977 Scindente
447 1922 546 1991 nubes
562 1922 680 1995 impiger
694 1924 816 1978 hostium

317 2000 428 2056 Vexure
441 2010 556 2069 turmae,
571 2011 599 2055 et
613 2000 779 2055 frementem

354 2074 467 2134 Mittere
481 2095 582 2151 equum
597 2078 705 2135 medios
718 2097 768 2152 per
781 2077 868 2152 ignes.

279 2154 329 2210 Sic
343 2153 511 2210 tauriformis
525 2155 641 2212 volvitur
655 2156 789 2225 Aufidus,

275 2231 338 2291 Qui
358 2250 445 2306 regna
459 2232 553 2288 Dauni
567 2231 686 2306 praefluit
699 2235 815 2306 Appuli,

315 2307 414 2368 Quum
429 2310 515 2376 suevit,
530 2311 753 2381 horrendamque
767 2312 849 2364 cultis

354 2385 495 2442 Diluviem
511 2385 661 2440 meditatur
675 2386 764 2458 agris3

278 2463 315 2520 Ut
330 2463 507 2519 barbarorum
522 2461 659 2517 Claudius
673 2461 786 2536 agmina

278 2540 392 2596 Ferrata
407 2550 484 2595 vasto
498 2539 582 2596 diruit
597 2539 712 2613 impetu,

317 2617 478 2691 Primusque
493 2629 520 2674 et
533 2627 673 2674 extremos
686 2619 827 2687 metendo,

356 2696 457 2750 Stravit
472 2697 598 2766 humum,
613 2696 674 2752 sine
687 2695 767 2751 clade
781 2697 877 2767 victor,
917 2734 919 2736 -

278 2772 323 2827 Te
338 2774 442 2846 copias,
457 2786 484 2828 te
499 2773 657 2845 consilinm,
671 2785 773 2832 earnes

278 2849 425 2906 Prrebente
439 2851 517 2906 divos
527 2871 533 2906 2
542 2889 544 2892 -
554 2869 630 2920 narn,
645 2852 695 2907 tibi
708 2870 764 2924 quo
777 2852 822 2908 die

318 2927 417 2983 Portus
433 2927 612 2982 Alexandrea
626 2929 741 3003 supplex

356 3003 392 3060 Et
408 3006 524 3078 tecuam
538 3003 670 3076 patefecit
682 3005 786 3072 aulam,

280 3081 405 3138 Fortuna
419 3082 506 3136 lustro
521 3098 652 3154 prospera
664 3081 747 3136 tertio

281 3159 348 3214 Belli
361 3158 500 3214 secundos
515 3158 635 3215 reddidit
649 3158 749 3228 exitus,

320 3237 501 3309 Laudemque
512 3245 541 3292 ot
553 3247 678 3310 optatum
693 3236 812 3310 peractis

357 3314 485 3388 Imperiis
500 3316 587 3370 docus
601 3314 746 3388 arrogavit.

278 3391 323 3446 'l'e
339 3391 479 3447 Cantaber
491 3411 547 3448 non
562 3389 628 3447 ante
640 3391 796 3463 domabilis,

279 3467 446 3542 Medusque,
460 3482 488 3525 et
502 3468 600 3539 Indus,
615 3480 643 3524 tu
663 3471 796 3543 profugus
811 3472 930 3544 Scythes

319 3545 446 3614 Miratur,
461 3567 478 3602 o
491 3545 578 3602 tutela
591 3564 715 3621 praesens

356 3623 445 3680 Italiae
460 3625 635 3697 dominaeque
650 3624 768 3682 Rama:

279 3701 335 3771 Te,
351 3701 469 3758 sontium
483 3703 530 3776 qui
546 3702 619 3758 'celat
632 3702 765 3775 origines,

206 3777 209 3782 ’
277 3777 428 3852 Nilusque,
442 3791 470 3836 et
483 3779 565 3850 lster,
579 3795 607 3835 te
621 3780 735 3854 rapidus
748 3780 855 3857 Tigris,
