2550 4225
527 322 664 377 EPODON
681 329 791 378 Linea.

323 469 438 528 Unxdre
452 470 556 527 matres
569 468 630 527 Iliae
645 471 789 527 addictum
803 472 870 528 feris

322 547 446 605 Alitibus
460 554 542 621 atque
556 548 675 605 canibus
688 549 859 605 homicidum
872 546 1037 619 Hectoiem,

323 624 475 699 Postquam
488 626 596 681 relictis
610 625 751 679 moenibus
764 643 815 682 rex
834 623 965 699 procidit,

323 688 404 757 ileu!
426 702 581 776 pervicacis
595 704 630 757 ud
645 702 732 775 pedes
747 702 880 758 Achillei.

323 779 422 835 Setosu
436 780 514 835 duris
528 778 633 835 exudre
647 777 768 852 pellibus

322 856 467 913 Laboriosi
481 857 602 931 remiges
615 856 739 927 ulyssei,

321 932 441 989 Volente
455 933 549 1003 Circe,
564 935 705 1000 membra3
726 945 796 990 tunc
809 954 899 1005 mens,
914 947 943 990 et
956 951 1041 993 sonus

322 1010 473 1085 Relapsus,
485 1021 567 1084 atque
583 1020 665 1068 notus
679 1012 707 1066 in
724 1012 924 1085 vultushonor.

324 1087 397 1145 Dedi
409 1086 478 1145 satis
492 1086 632 1161 supdrque
648 1107 794 1163 poenarum
809 1089 870 1160 tibi,

325 1167 426 1223 Amata
438 1166 532 1222 nautis
546 1164 667 1221 multum
681 1176 710 1221 et
724 1165 905 1222 institoribus.
939 1198 952 1213 .-

325 1242 409 1319 Fugit
420 1242 559 1317 juventas
573 1253 602 1298 et
615 1244 793 1299 verecundus
806 1244 883 1299 color

323 1319 450 1394 Reliquit
462 1334 526 1375 ussa
539 1319 612 1393 pelle
626 1322 731 1377 amicta
744 1320 835 1375 luridd
848 1341 855 1386 3

258 1400 261 1407 '
323 1398 396 1454 Tuis
409 1396 526 1471 capillus
539 1396 619 1451 albus
632 1400 676 1453 est
688 1397 829 1453 odoribus.

323 1471 440 1531 Nullum
454 1494 471 1529 a
483 1474 579 1529 labore
593 1490 640 1529 me
653 1475 772 1531 reclinat
784 1475 889 1530 otiutn:

323 1552 411 1627 Urget
424 1552 500 1605 diem
515 1568 580 1619 nox,
594 1562 623 1607 et
636 1552 697 1610 dies
711 1560 838 1616 noctem3
858 1568 951 1622 neque
964 1562 1006 1605 est

324 1624 430 1687 Levare
443 1638 522 1683 tenta
536 1627 634 1701 spiritu
647 1628 808 1701 praeoordia.

325 1706 401 1780 Ergo
415 1708 550 1779 negatum
564 1704 661 1760 vincor
675 1716 706 1760 ut
719 1704 833 1759 credam
847 1705 940 1771 miser,

324 1782 437 1839 Sabella
449 1792 549 1857 pectus
562 1781 709 1856 increpare
723 1780 858 1849 carmina,-

225 1886 227 1891 ·
323 1854 471 1935 Caputque
486 1856 582 1914 Mars&
596 1858 717 1915 dissilire
730 1858 831 1914 naenii.

322 1937 404 1998 Quid
418 1932 537 2013 amplius
551 1935 612 1991 visl
640 1936 668 1992 Ο
682 1943 759 1993 mare
769 1946 798 1992 et
806 1939 894 1992 terra!
916 1932 1010 2004 ardeo,

324 2011 474 2074 Quantum
490 2024 580 2085 neque
594 2022 655 2070 atro
668 2012 811 2071 delibutus
823 2012 965 2068 Hercules

325 2089 411 2146 Nessi
422 2106 530 2162 cruore,
543 2108 598 2147 nec
612 2090 718 2148 Sicani
732 2090 839 2148 fervida
874 2124 877 2128 ι

324 2165 417 2222 Urens
431 2167 459 2222 ln
475 2163 563 2224 AEtr'rd
577 2165 697 2224 flamma.
729 2166 788 2239 Tu,
803 2168 894 2224 donec
906 2164 981 2221 arnis

323 2241 471 2318 Injuriosis
485 2244 580 2300 aridus
594 2245 685 2301 ventis
699 2245 780 2315 ferar,

325 2319 410 2376 Cales
423 2321 539 2376 venenis
552 2317 666 2376 officina
679 2317 830 2377 Colchicis.

324 2396 401 2458 Quae
414 2391 499 2452 finisl
520 2403 568 2452 aut
581 2398 656 2469 quod
670 2414 716 2450 me
729 2407 825 2451 manet
838 2393 1009 2469 stipendium
1020 2396 1032 2448 l

327 2473 437 2530 Effare:
456 2474 548 2546 jussas
562 2491 628 2528 cnm
642 2473 698 2527 fide
711 2491 809 2546 poenas
822 2474 908 2538 luam,

240 2577 241 2581 ¹
326 2550 443 2607 Paratus
456 2550 578 2624 expiare,
592 2567 643 2606 seu
653 2549 814 2623 poposceris

325 2626 448 2683 Centum
460 2627 605 2700 juvencurt,
619 2627 678 2681 sive
691 2626 821 2681 mendaci
833 2626 893 2698 lyris

326 2704 412 2761 Voles
425 2704 534 2772 sonari3
554 2712 585 2760 tu
598 2703 712 2778 pudica,
725 2713 757 2758 tu
769 2703 866 2776 probs,

325 2780 536 2836 Perambulabis
549 2792 622 2836 astra
636 2781 715 2835 sidus
728 2798 853 2836 aureum.

325 2855 443 2918 Infamis
458 2855 577 2912 Helenae
591 2857 692 2912 Castor
705 2857 830 2912 offensus
841 2858 911 2927 vice,

325 2932 481 3004 Fraterque
495 2933 591 3004 magni
605 2932 740 3003 Castoris,
754 2934 820 2989 victi
833 2952 927 3006 prece,

325 3009 536 3082 Ademptanvati
551 3006 700 3063 reddidere
714 3010 829 3064 lumina.
845 3034 848 3038 ⁴

324 3086 361 3142 Et
374 3097 415 3154 tu,
426 3095 510 3160 potes
521 3103 596 3154 nam,
611 3084 687 3140 solve
701 3103 747 3140 me
760 3085 914 3154 dementit,

324 3162 353 3218 Ο
367 3181 421 3218 nec
432 3162 556 3237 paternis
569 3161 695 3218 obsoleta
708 3163 846 3232 sordibus,

324 3239 388 3296 Nec
403 3240 433 3296 in
448 3239 583 3312 sepulcris
596 3258 750 3312 pauperum
765 3240 889 3312 prudens
902 3259 973 3297 anns
1071 3282 1074 3291 .

325 3315 515 3373 Nouendiales
530 3318 666 3390 dissipare
680 3318 816 3389 pulveres,

324 3392 391 3450 Tibi
406 3394 541 3472 hospitale
554 3405 655 3467 pectus
668 3406 697 3449 et
709 3413 786 3467 purae
799 3413 909 3450 manus.

600 3540 720 3572 cantolu.

321 3627 403 3688 Quid
416 3628 551 3684 obseratis
565 3627 679 3682 nuribus
693 3625 786 3680 lundis
799 3629 917 3698 preces?

325 3702 393 3760 Nun
407 3723 474 3759 saxa
487 3705 570 3759 nudis
584 3703 712 3758 surdiora
726 3702 826 3757 navitis

325 3779 476 3857 Neptunus
490 3781 546 3836 alto
559 3780 653 3837 tundit
667 3779 802 3836 hibernus
815 3780 882 3837 salu.

1111 3627 1152 3681 50
