2550 4225
410 316 655 371 sersromnuru
672 322 737 370 mn.
755 322 776 370 r.
794 324 832 370 re.
1042 308 1094 377 lul

160 458 395 533 Praeteragendus
408 479 513 535 equus:
536 460 632 521 “Qud
647 462 759 517 tendis?
778 480 835 517 non
848 460 919 517 mihi
931 459 1039 517 Gonu
1108 512 1112 515 .

160 536 214 592 Est
226 536 289 606 iter,
303 548 352 593 aut
365 538 477 608 Eaias,''
491 538 561 593 laevt
575 538 767 593 stomachosus
780 537 891 604 habena¹

161 611 247 668 Dicet
259 632 362 686 eques:
383 616 432 669 sed
446 615 525 687 equis
539 614 656 670 fraenato
668 624 711 669 est
724 615 799 669 auris
812 615 841 669 in
854 632 903 670 ore
912 614 933 690 ι)

161 688 253 762 Major
266 700 360 746 utrum
370 691 507 765 populum
521 691 655 747 frumenti
668 691 750 763 copia
761 701 872 763 pascat;

161 766 341 822 collectosne
355 768 453 823 bibant
465 768 577 837 imbres,
591 778 727 841 puteosne
740 784 880 839 perennes
1063 765 1099 814 ¹⁵

161 842 180 898 J
182 843 245 917 ugis
258 852 354 915 aqum:
378 843 458 913 (nam
473 845 537 899 vina
550 844 620 899 nihil
635 862 726 900 moror
740 842 814 898 illius
826 860 899 898 ore:

160 919 243 976 Rure
256 938 320 976 meo
333 940 447 993 possum
460 920 568 993 quidvis
581 921 704 994 perferre
717 920 828 993 patique
839 938 849 987 ς

162 996 211 1053 Ad
224 1014 301 1052 mare
314 1014 402 1069 quum
416 999 491 1067 veni,
505 1015 672 1071 generosum
685 1008 714 1053 et
726 997 791 1051 lene
804 994 925 1068 requiro,

161 1072 250 1134 Quod
264 1092 346 1129 curas
361 1074 464 1147 abigat,
480 1074 552 1147 quod
566 1091 632 1128 cum
647 1092 696 1146 spe
710 1073 795 1129 divite
807 1081 904 1127 manet

162 1150 198 1207 ln
212 1168 298 1205 venas
311 1151 492 1223 animumque
506 1167 610 1219 meum,
624 1152 698 1222 quod
712 1150 796 1205 verba
808 1147 971 1224 ministret.)
1062 1148 1101 1205 20
1154 1163 1158 1172 ·

162 1225 286 1283 Tractus
299 1238 361 1283 uter
374 1228 468 1301 plures
481 1228 598 1301 leporeS,
612 1238 674 1281 uter
687 1228 789 1282 educet
802 1245 899 1299 apros;

161 1304 232 1360 Utra
246 1300 336 1377 magis
349 1305 440 1377 pisces
453 1315 482 1359 et
495 1305 610 1359 echinos
624 1321 736 1376 aequora
748 1304 858 1370 celent;

163 1381 281 1455 Pinguis
294 1390 326 1435 ut
339 1380 405 1436 inde
419 1382 533 1438 domum
546 1380 650 1454 possim
665 1381 822 1452 Phaeaxque
837 1382 956 1437 reverti:

164 1458 294 1515 Scribere
308 1467 336 1513 te
349 1458 440 1527 nohis,
453 1458 504 1514 tibi
518 1476 569 1514 nos
582 1458 742 1527 accredere,
755 1463 805 1529 par
818 1468 869 1513 est.

203 1533 335 1605 Meuius,
350 1545 390 1604 ut,
404 1535 488 1590 rebus
501 1531 634 1591 maternis
648 1544 731 1606 atque
745 1534 868 1607 paternis

165 1611 286 1668 Fortiter
300 1612 464 1685 absumptis
475 1611 599 1666 urbanus
613 1612 698 1684 coepit
708 1610 814 1680 haberi,

165 1690 270 1745 Scurra
283 1707 380 1763 vagus,
394 1707 452 1745 non
466 1688 513 1760 qui
527 1699 634 1743 certum
649 1704 773 1761 praesepe
786 1697 903 1759 teneret,
949 1703 951 1712 ·

165 1765 330 1840 Impransus
343 1784 400 1822 non
414 1760 467 1837 qui'
476 1766 566 1820 civem
580 1765 758 1837 dignosceret
771 1764 860 1834 hoste,

163 1843 308 1903 Quaelibet
321 1844 350 1898 in
365 1842 491 1916 quemvis
504 1842 652 1915 opprobria
665 1841 772 1915 fingere
785 1858 884 1911 saevus,
960 1871 963 1879 ·

164 1919 308 1977 Pernicies
322 1930 350 1975 et
363 1930 514 1993 tempestas
529 1918 743 1991 barathrumque
756 1916 876 1986 macelli,

163 1996 313 2071 Quidquid
326 1997 483 2069 quaesierat,
497 1996 586 2052 ventri
601 1995 723 2051 donabat
737 1989 832 2050 avaros

164 2073 297 2145 Hic,·uhi
311 2074 443 2149 nequitie
457 2073 610 2130 fautoribus
623 2083 653 2130 et
665 2072 771 2129 timidis
784 2071 823 2127 nil

164 2153 224 2209 Aut
238 2151 352 2225 paulum
367 2147 525 2231 abstulerat,
539 2151 649 2224 patinas
663 2150 793 2205 coenabat
805 2149 904 2218 omasi,

162 2229 236 2285 Vilis
249 2238 278 2284 et
291 2229 412 2302 agninae,
427 2229 515 2283 tribus
528 2229 600 2294 ursis
613 2228 688 2300 quod
699 2223 769 2281 satis
782 2235 872 2292 esset;

164 2306 284 2363 Scilicet
299 2315 330 2360 ut
342 2315 452 2360 ventres
465 2287 714 2360 lamntscandente
727 2311 861 2375 nepotum

163 2383 280 2438 Diceret
293 2382 424 2451 urendos,
439 2387 581 2437 corrector
594 2381 717 2438 Bestius.
762 2378 841 2432 ldem

162 2460 312 2533 Quidquid
325 2469 385 2515 erat
397 2469 498 2513 nactus
511 2458 612 2530 praedae
627 2455 747 2528 majoris,
761 2453 809 2507 ubi
823 2469 907 2507 omne

163 2538 294 2593 Verterat
308 2536 337 2591 in
352 2535 459 2590 fumum
472 2545 500 2590 et
515 2535 650 2601 cinerem,
665 2537 682 2561 ‘⁴
692 2530 721 2584 N
723 2549 760 2585 on
774 2525 889 2583 hercule
905 2528 1017 2597 miror,”
1087 2575 1093 2584 .

165 2614 278 2682 Aiebat,
293 2613 345 2667 “si
360 2613 407 2684 qui
421 2613 572 2667 comedunt
587 2611 669 2678 bona,
683 2626 769 2680 quum
783 2608 819 2661 sit
831 2605 916 2660 obeso

164 2690 214 2746 Nil
230 2691 330 2746 melius
344 2691 434 2758 turdo,
450 2689 488 2744 nil
503 2687 585 2742 uului
598 2685 743 2761 pulchrius
756 2682 876 2757 ampli.'’

164 2767 310 2824 Nimirum
325 2767 372 2821 hic
386 2785 438 2838 ego
452 2784 531 2832 sum3
553 2783 618 2819 nam
632 2774 693 2819 tuta
706 2772 734 2817 et
747 2759 861 2834 parvula
874 2757 970 2828 laudo,

162 2845 264 2905 Quum
278 2863 323 2898 res
337 2842 481 2910 deliciunt,
496 2841 563 2897 satis
578 2843 649 2896 inter
662 2840 727 2894 vilia
740 2837 834 2893 fortis:

163 2917 283 2990 Verirm,
297 2921 345 2975 ubi
359 2920 426 2992 quid
440 2918 540 2972 melius
554 2917 692 2988 contingit
705 2925 733 2970 et
747 2914 869 2983 unctius,
883 2913 958 2968 idem

165 3000 225 3054 Vos
239 3016 336 3072 sapere
350 3006 379 3052 et
392 2995 465 3051 solos
479 2994 524 3048 aio
537 2994 609 3048 bene
623 2993 725 3057 vivere,
738 3007 856 3062 quorum

165 3075 346 3149 Conspicitur
360 3072 456 3130 nitidis
470 3070 587 3125 fundata
601 3067 725 3143 pecunia
737 3065 816 3133 villis.

477 3272 756 3283 ...Gn—„0”-

466 3414 666 3476 EPISTOLA
686 3412 769 3469 XVI.

504 3565 543 3609 AD
554 3567 730 3612 QUINCTIUM.

164 3695 214 3752 Nn
228 3693 411 3770 perconteris,
426 3691 528 3746 fundus
541 3705 630 3773 meus,
644 3685 749 3758 optime
758 3682 889 3768 Quincti,

166 3774 243 3829 Arvo
256 3780 353 3846 pascat
366 3771 475 3901 hqqrq,
486 3785 523 3821 an
537 3766 632 3819 baccis
645 3761 789 3834 opulentet
801 3758 893 3828 ohvae,
