2550 4225
339 600 387 688 Q.
427 596 703 669 nonarrr
743 598 983 671 nascor

453 822 457 829 '
497 839 583 900 aas
620 838 827 902 Poenica,

429 1098 894 1108 ...Μ-.-

568 1318 608 1355 AD
618 1318 749 1355 Prsouus,

212 1416 443 1490 Humanocapiti
457 1418 595 1471 cervicem
605 1417 695 1490 pictor
704 1417 836 1488 equinam
902 1460 904 1467 .

211 1494 339 1567 Jungere
352 1494 375 1549 si
389 1493 463 1562 velit,
476 1505 505 1547 et
518 1494 608 1549 varias
621 1494 756 1549 inducere
769 1494 880 1567 plumas

212 1571 343 1644 Undique
358 1571 466 1626 collatis
481 1572 622 1639 membris,
637 1582 668 1625 ut
681 1569 797 1643 turpiter
812 1582 902 1627 atrum

212 1648 332 1705 Desinat
345 1648 374 1703 in
389 1648 495 1722 piscem
509 1648 610 1704 mulier
624 1648 744 1703 formosa
755 1645 886 1721 superne,

212 1728 377 1800 Spectatum
391 1725 506 1781 admissi
520 1726 605 1779 risum
620 1725 749 1792 teneatiS,
765 1724 870 1779 amicit

212 1802 337 1871 Credite,
352 1803 478 1871 Pisones,
488 1802 535 1856 isti
543 1802 646 1857 tabulae
661 1802 718 1857 lore
730 1800 832 1856 librum

211 1880 396 1948 Persimilem,
409 1879 499 1952 cujus,
514 1879 588 1935 velut
602 1880 670 1951 aegri
683 1878 799 1948 somnia,
814 1896 891 1934 vanae

211 1956 368 2030 Fingentur
383 1958 507 2028 species;
529 1967 559 2012 ut
573 1974 626 2009 nec
640 1973 698 2028 pes,
713 1973 768 2010 nec
782 1966 865 2028 caput
879 1956 928 2011 uni

211 2032 360 2089 Reddatur
375 2032 677 2087 lormae.-—Pictoribus
691 2042 774 2103 atque
787 2032 878 2106 poetis
1249 2068 1250 2109 r

209 2108 360 2170 Quidlibet
374 2108 496 2165 audendi
510 2127 619 2183 semper
630 2108 683 2165 fuit
697 2128 775 2182 aequa
785 2120 956 2183 potestas.—
1030 2145 1034 2152 ,
1117 2115 1152 2170 lo
1249 2113 1250 2172 l

212 2187 335 2258 Scimus,
348 2198 377 2242 et
390 2187 464 2242 hanc
475 2187 585 2242 veniam
598 2187 773 2261 petimusque
787 2187 942 2262 damusque
955 2188 1094 2257 vicissim
1249 2185 1250 2208 ¹

212 2265 270 2321 Sed
284 2285 341 2321 non
356 2275 386 2319 ut
398 2264 518 2338 placidis
531 2268 634 2320 coeant
648 2265 781 2332 immitia;
803 2283 860 2321 non
874 2275 905 2320 ut
1094 2269 1110 2276 ''

213 2344 365 2416 Serpentes
378 2343 475 2397 avibus
488 2342 677 2415 geminentur,
691 2342 811 2416 tigribus
822 2342 895 2416 agni.
1249 2383 1250 2422 ,

251 2420 377 2494 Inceptis
389 2420 521 2492 gravibus
533 2417 697 2493 plerumque
711 2430 739 2474 et
752 2438 855 2493 magna
864 2420 995 2493 professis
1249 2445 1250 2514 p

212 2496 383 2570 Purpureus,
397 2494 453 2552 late
468 2497 516 2570 qui
530 2497 686 2570 splendeat,
700 2513 775 2552 unus
788 2507 817 2551 et
831 2497 900 2553 alter
1118 2501 1153 2556 15
1249 2517 1250 2541 l

212 2574 345 2630 Assuitur
357 2593 487 2647 pannus;
508 2593 594 2646 quum
608 2574 689 2629 lucus
702 2584 731 2629 et
745 2592 792 2628 ara
806 2572 916 2644 Dianae,

212 2650 250 2706 Et
261 2651 436 2724 properantis
450 2669 529 2724 aquae
542 2669 592 2724 per
605 2669 731 2706 amoenos
745 2649 865 2705 ambitus
878 2669 969 2724 agros,

212 2727 272 2783 Aut
285 2725 390 2782 flumen
405 2727 551 2795 Rhenum,
565 2738 613 2782 aut
622 2727 732 2800 pluvius
746 2727 915 2783 describitur
929 2745 1030 2785 arcus:

212 2805 270 2860 Sed
279 2822 361 2872 nunc
375 2823 430 2859 non
445 2814 505 2859 erat
519 2803 562 2858 his
575 2804 663 2858 locus,
705 2803 871 2860 Et'fortasse
882 2822 1047 2882 cupressum

213 2880 277 2937 Scis
290 2881 440 2936 simulare:
460 2881 528 2953 quid
542 2881 607 2950 hoc,
622 2881 645 2936 si
660 2881 755 2936 fractis
768 2891 863 2938 enatat
876 2901 975 2956 exspes
1114 2885 1154 2941 20

211 2957 349 3028 Navibus,
363 2976 417 3012 mre
429 2959 494 3013 dato
505 2958 553 3031 qui
566 2947 715 3032 pingitur?
732 2959 876 3032 Amphora
891 2959 975 3033 coepit

212 3034 341 3103 Institui;
364 3046 495 3090 currente
508 3036 569 3090 rota
584 3055 633 3091 cur
645 3055 747 3090 urceus
761 3036 839 3092 exitl

212 3111 342 3185 Denique
356 3113 401 3180 sit,
414 3112 551 3185 quodvis,
565 3112 684 3186 simplex
697 3112 832 3169 duntaxat
845 3125 874 3169 et
885 3133 980 3170 unum.

251 3188 377 3244 Maxima
390 3209 454 3263 pars
467 3200 571 3258 vatum,
584 3201 673 3263 pater,
688 3201 716 3244 et
727 3189 845 3264 juvenes
858 3202 936 3265 patre
950 3191 1039 3266 digni,

212 3262 377 3338 Decipimur
391 3267 486 3339 specie
499 3266 585 3322 recti:
609 3267 701 3322 brevis
714 3286 776 3322 esse
790 3268 895 3338 laboro,
1116 3271 1155 3327 25

211 3339 359 3398 Obscurus
372 3343 424 3399 lio:
445 3353 600 3399 sectantem
615 3344 687 3400 levia
701 3344 778 3400 nervi

211 3417 356 3474 Deficiunt
370 3420 526 3493 animique:
546 3421 688 3493 professus
701 3423 820 3495 grandia
833 3432 940 3496 turget:

211 3493 305 3567 Serpit
319 3496 397 3550 humi
410 3507 486 3564 tutus
500 3495 619 3553 nimium
633 3498 803 3571 timidusque
816 3500 953 3570 procellae.

209 3570 271 3630 Qui
285 3573 391 3626 variare
404 3574 482 3645 cupit
495 3593 554 3629 rem
568 3575 757 3648 prodigialiter
771 3592 867 3642 unam,

211 3645 385 3720 Delphinum
401 3648 476 3703 silvis
491 3650 626 3723 appingit,
642 3650 773 3706 fluctibus
787 3669 893 3723 aprum.

212 3720 247 3776 In
261 3722 357 3778 vitium
373 3724 451 3779 ducit
464 3726 555 3798 culpae
570 3727 645 3799 fuga,
660 3728 683 3781 si
697 3737 774 3782 caret
788 3737 854 3782 arte.
